2284 3650
171 223 218 270 596
504 221 622 270 SATIRE
639 220 684 269 lx.

173 319 233 377 Ten
245 317 367 377 litm'en
379 325 422 377 est
436 317 557 389 timum,
574 317 645 377 ainsi
666 338 723 397 que
739 316 899 390 toi-meme,
915 318 968 398 qui
979 339 1037 378 en-

173 408 268 470 tendis
288 430 410 491 cruquer
423 418 452 471 ta
469 412 579 471 conche
601 419 630 470 et
647 410 740 489 ge'mir
758 420 807 471 tun
829 416 949 490 e'pnuse.
967 412 1040 472 L'a-

173 503 287 564 dult'ere
301 525 317 564 a
331 511 453 564 souvent
474 503 612 585 empeehe
632 504 658 563 le
680 503 806 564 divoree.
823 506 887 575 Qne
903 513 1038 584 penu-tu

174 597 362 675 m'ohjecterl
375 618 428 678 par
442 600 480 657 nir
495 600 696 657 commeneer‘?
718 600 843 657 N'estee
858 596 932 656 donc
953 599 1037 671 rien,

174 692 280 772 ingrat,
291 694 419 753 n'est-ce
432 693 507 765 rien,
523 692 643 773 perfide,
662 713 718 773 que
733 693 769 753 de
784 692 887 751 t'avoir
901 692 956 752 sart
969 698 1040 773 pre-

129 778 138 794 ’
174 797 238 849 sent
252 790 323 849 d'un
331 791 376 849 fils
389 811 427 849 ou
437 790 526 850 d'une
538 791 617 850 fille?
632 792 675 848 Tu
691 789 732 849 les
749 790 842 849 eleves
853 790 1039 868 cependent;

174 890 206 942 tu
218 886 310 944 s'emes
324 903 391 943 eree
402 891 547 964 transport
559 883 630 942 dans
644 884 684 943 ies
699 892 774 942 netes
786 884 897 964 publius
912 886 979 962 (17)
995 906 1041 946 ces

174 996 298 1055 preuves
314 977 350 1035 de
366 985 395 1035 ta
415 977 531 1036 virilitd.
549 976 705 1036 Couronne
720 985 748 1035 ta
760 985 843 1056 porte
855 977 890 1036 de
903 978 1038 1056 guirlen-

175 1070 242 1140 des3
259 1071 337 1128 enlin
352 1078 378 1129 te
393 1071 467 1129 roilli
480 1073 547 1150 p'ere
561 1091 567 1129 ε
579 1071 608 1148 je
627 1069 676 1129 t'ni
689 1071 786 1129 lnurni
802 1071 837 1129 de
852 1071 923 1151 quoi
934 1071 1041 1133 brarer

176 1164 203 1221 le
215 1162 387 1223 medisance.
406 1165 450 1222 Tu
461 1163 539 1242 jonis
553 1163 603 1223 des
614 1163 674 1222 drni
681 1173 703 1221 ts
714 1164 842 1223 attechds
856 1165 871 1222 d
890 1164 917 1223 la
938 1173 1041 1244 pater-

176 1256 236 1314 nite
250 1277 257 1324 ;
275 1275 325 1334 par
339 1255 399 1314 mei
419 1264 451 1314 tu
472 1276 594 1336 pourrus
608 1256 719 1316 lniriter
734 1265 763 1315 et
778 1255 908 1316 recevoir
922 1277 967 1315 un
980 1258 1037 1336 legs

176 1355 241 1407 tout
263 1348 367 1421 entier,
389 1370 454 1408 sans
477 1357 608 1429 compter
623 1349 692 1408 bien
718 1348 846 1409 d'autres
870 1349 1036 1429 privile'geS,

177 1440 212 1512 si,
229 1441 369 1501 nchevant
383 1463 451 1501 mun
463 1462 601 1521 ouvrage,
611 1441 642 1523 je
658 1451 730 1502 mets
747 1442 817 1502 trois
835 1444 950 1503 entants
967 1444 1042 1503 dens

177 1541 206 1592 tn
217 1534 326 1594 maison
342 1537 416 1612 (18).
432 1570 473 1582 -
486 1537 622 1596 lunium.
637 1538 691 1595 ‘l‘es
708 1536 832 1616 pleintes
849 1545 917 1596 sont
930 1537 1040 1616 justes,

178 1630 315 1689 Neruius,
341 1632 406 1702 Que
430 1629 562 1709 re'plique
584 1629 921 1690 Virroni—Nerones.
950 1630 975 1690 ll
1001 1651 1043 1691 ne

178 1727 320 1786 m'eeoute
330 1747 391 1806 pas,
408 1734 438 1785 et
448 1726 572 1787 cherehe
589 1729 645 1786 ise
657 1726 872 1806 pourvoird'un
888 1734 974 1787 autre
985 1732 1039 1786 dne

178 1820 194 1879 ὲ
211 1819 286 1881 deux
301 1819 381 1901 pieds
396 1821 470 1899 (19).
485 1820 681 1881 Souviens-toi
697 1842 754 1902 qne
766 1820 796 1899 je
813 1821 871 1880 n'ei
888 1823 983 1882 eonfie
993 1841 1040 1882 ces

178 1925 282 1975 secrete
292 1916 360 1995 qn'd
372 1914 498 1985 toiseul;
516 1915 604 1994 qu'ils
619 1922 728 1975 restent
738 1923 819 1974 entre
832 1935 919 1987 noue,
935 1935 1043 1976 eneces

286 2102 323 2142 Ad
334 2114 400 2153 quem
408 2103 507 2155 pervenit
516 2103 568 2142 lecti
579 2113 653 2148 sonus.
664 2106 686 2142 et
695 2101 788 2141 dominre
798 2114 848 2142 vox.

288 2169 399 2218 Instabile,
412 2181 437 2209 ae
449 2169 522 2209 dirimi
532 2173 636 2221 emptum,
649 2176 672 2209 et
680 2169 726 2220 jam
738 2180 798 2221 paene
808 2169 902 2209 solutum

286 2235 416 2288 eonjugium
428 2237 449 2276 in
460 2236 536 2276 multis
545 2236 645 2276 domibus
655 2235 748 2275 servavit
758 2234 851 2275 adulter.

234 2303 260 2341 80
286 2301 335 2349 Quo
345 2306 367 2342 te
377 2304 524 2352 circumagere!
535 2314 585 2354 quae
594 2304 664 2355 prima
675 2307 712 2343 aut
725 2303 802 2343 ultima
811 2304 891 2354 ponas?

287 2368 379 2408 Nullum
390 2379 441 2417 ergo
453 2368 554 2408 meritum
564 2372 605 2415 est,
618 2369 701 2419 ingrate
711 2380 735 2407 ac
745 2367 835 2420 perfide,
848 2367 943 2417 nullum,

286 2433 350 2482 Quod
361 2434 401 2475 tibi
412 2434 492 2475 filiolus
502 2434 535 2474 vel
546 2434 592 2474 filla
603 2436 700 2475 nascitur
710 2446 737 2474 ex
748 2435 795 2473 met

287 2501 355 2541 Tollie
363 2503 427 2549 enim,
439 2506 461 2542 et
469 2502 531 2541 libris
541 2504 640 2540 actomm
650 2512 751 2554 spargere
760 2500 842 2551 gaudes

287 2568 424 2618 Argumenta
433 2569 482 2607 viri.
495 2568 589 2607 Foribus
600 2567 706 2619 suspende
715 2577 811 2617 coronas,

234 2634 261 2673 8³>
288 2634 301 2674 J
304 2646 339 2674 am
348 2639 409 2687 pater
420 2647 458 2675 ee:
471 2634 573 2674 dedimus
584 2633 643 2684 quod
654 2633 716 2673 lamae
727 2644 834 2685 opponere
842 2632 919 2685 poesis.

288 2701 301 2741 J
303 2713 342 2742 ura
351 2703 447 2754 parentis
455 2701 530 2749 habes,
539 2705 627 2752 propter
638 2711 672 2739 me
684 2701 783 2739 scriberis
791 2700 861 2748 heres,

288 2767 393 2820 Legatum
404 2779 467 2808 omne
476 2768 543 2819 capis,
554 2777 593 2807 nec
603 2777 645 2806 non
659 2770 681 2806 et
691 2766 755 2806 dulce
765 2765 881 2805 caducum.

289 2834 408 2875 Commode
419 2839 522 2887 preterea
529 2833 647 2886 jungentur
658 2833 728 2874 multa
739 2832 835 2880 caducis,

289 2900 313 2940 Si
323 2912 444 2948 numerum,
454 2902 472 2940 si
484 2909 528 2941 tres
537 2900 663 2953 implevero.
674 2899 686 2939 J
689 2903 738 2940 usta
749 2899 836 2948 doloris,

235 2967 262 3007 ⁹0
289 2967 386 3015 Neron,
397 2978 473 3008 caussa
482 2967 515 3007 tui
525 2979 531 3006 z
543 2971 619 3007 contra
628 2972 701 3006 tamen
711 2966 748 3006 ille
758 2965 811 3018 quid
823 2965 903 3006 affert!

290 3031 395 3082 Negligit,
407 3035 472 3082 atque
481 3030 548 3072 alium
557 3031 659 3084 bipedem
671 3032 712 3071 eibi
721 3033 799 3082 quierit
809 3030 907 3072 asellum.

290 3097 344 3137 Haec
353 3097 392 3136 soli
403 3099 517 3137 commissa
525 3099 565 3137 tibi
575 3098 645 3138 celare
656 3102 772 3149 memento,

291 3161 320 3200 Et
329 3162 408 3201 tacitus
417 3166 500 3202 nostras
509 3164 566 3203 intra
576 3167 598 3203 te
611 3163 653 3214 fige
662 3165 773 3214 querelee;

291 3226 349 3266 Nam
358 3237 392 3266 ree
402 3226 512 3269 mortifera
522 3233 556 3269 eet
565 3230 666 3271 inimicus
675 3231 762 3283 pumice
774 3230 842 3271 levis.
