2284 3650
148 87 196 132 504
491 73 608 126 simin
623 78 665 127 vl.

147 179 196 240 des
212 176 354 237 Danaides
364 183 392 235 et
406 174 456 235 des
475 166 632 254 Eriphiles.
652 175 775 234 Demnin
791 175 882 235 malin
897 176 1021 258 chaque

147 272 276 352 quarlier
290 289 360 330 ama
374 291 405 330 sa
416 270 637 349 Clytemnestre.
652 269 732 329 Voici
747 270 775 328 la
789 269 943 331 difflrenee
959 293 968 334 :
988 272 1019 331 ln

148 365 206 425 fille
220 365 256 426 de
268 363 411 445 Tyndaro,
436 363 577 435 suriensn,
599 364 738 444 e'peidne,
762 365 853 425 ienait
866 364 916 425 des
932 364 1018 425 deux

148 456 241 515 mains
264 475 322 515 une
343 453 453 523 hache3
479 473 516 513 nu
540 453 599 513 lien
620 474 678 533 qun
700 474 751 513 nos
765 452 931 534 ciloyennes
944 462 1019 514 ter-

148 548 262 609 minenl
273 547 460 609 sourdement
476 547 597 607 l'affnire
612 571 620 611 :
634 568 665 608 ce
681 548 754 607 n'est
765 569 815 628 pas
827 569 884 629 que
902 548 929 609 le
944 547 1016 628 poi·

149 638 238 716 gnnid
255 659 291 698 ne
305 639 399 697 vinidi
417 635 501 697 l'aide
520 636 560 696 dn
585 636 697 717 poison,
722 637 745 697 si
770 639 846 698 leurs
869 637 1017 718 prudenis

148 732 362 812 Agamemnons
403 729 536 791 s'dinient
581 731 733 811 pre'mnnis
773 731 953 804 niundon,
997 734 1017 793 ὲ

149 829 301 909 l'exemple
321 827 462 889 decerni
484 828 519 888 de
535 831 621 901 Pom,
638 828 742 889 vaincu
765 828 836 889 dans
859 828 929 890 trois
951 829 1017 891 bn-

150 922 241 983 iailles
256 924 350 1001 (llil).

188 1126 229 1166 655
255 1124 374 1164 Occurrent
384 1124 458 1165 mullae
467 1125 507 1165 tibi
518 1124 606 1165 Belides
615 1128 681 1176 atque
691 1125 809 1177 Eriphylae.

256 1189 323 1230 Mane
332 1189 514 1241 clytemnestram
525 1191 599 1230 nullus
607 1202 648 1231 non
658 1192 720 1231 vicus
729 1191 827 1233 habebit.

256 1255 304 1297 Hoc
312 1260 397 1297 tantum
408 1256 480 1308 refert,
490 1258 548 1309 quod
558 1258 667 1309 Tyndaris
677 1258 714 1298 illa
723 1259 837 1311 bipennem

255 1322 362 1364 Insulsam
373 1328 395 1365 et
405 1323 488 1365 fatuam
497 1325 576 1365 dextra
586 1325 683 1377 laevaque
693 1326 793 1374 tenebai;

255 1390 287 1431 At
297 1402 353 1432 nunc
364 1403 397 1432 res
406 1392 478 1442 agitur
487 1392 546 1432 tenui
555 1392 656 1445 pulmone
666 1393 748 1433 mbetae
758 1406 763 1433 ι
827 1386 829 1390 ’

189 1458 229 1505 660
255 1457 298 1499 Sed
309 1464 382 1499 lamen
393 1464 415 1500 et
425 1458 488 1509 ferro,
499 1460 517 1499 si
527 1460 665 1513 praegustarit
675 1459 765 1501 Atrides

256 1526 347 1567 Pontica
354 1530 387 1569 ter
397 1527 449 1568 victi
458 1533 534 1568 cautus
543 1526 688 1568 medicamina
698 1529 762 1579 regis.
