2284 3650
414 166 530 214 SthRE
546 166 588 213 xl.
886 172 932 220 467

21 326 27 363 Ι
72 265 231 345 rndprisar!
249 262 323 333 noi,
337 261 418 339 jane
434 262 551 341 possede
565 281 617 342 pas
631 282 690 322 une
704 282 775 322 once
791 262 932 336 d'ivo‘rre;

68 359 99 439 je
112 357 171 418 n'ai
185 355 216 435 ni
227 356 278 416 des
293 355 324 414 ni
332 354 429 434 jetons
442 355 477 415 de
492 363 567 416 cette
582 355 703 416 muliere
720 378 726 416 :
742 357 783 416 les
797 359 935 419 manchus

71 453 107 512 de
124 472 186 512 mes
204 458 349 511 conteaux
360 471 397 510 ne
412 458 481 511 sont
496 471 552 531 que
566 449 644 522 d¹os;
666 450 827 531 cependant
846 452 881 512 ils
897 473 934 513 ne

21 612 23 627 ,
71 551 171 627 gdtent
185 544 267 625 point
280 545 321 604 les
337 544 466 619 11111111,
482 553 512 606 et
526 546 554 603 la
565 545 652 625 poule
670 545 720 624 η’)
733 545 803 625 perd
820 544 885 605 rien
899 545 934 608 de

21 632 23 721 ζ
70 661 123 700 son
133 642 215 718 godt.
223 641 267 698 Tu
278 658 315 698 ne
326 659 374 698 me
383 660 481 699 serras
490 637 573 719 point
582 659 656 718 pour
664 641 769 718 dcuyer
782 640 944 699 tranchant·

21 736 22 741 ’
71 734 98 793 le
116 734 303 813 plusexpert
320 731 370 792 des
386 733 479 793 eleves
497 732 579 793 dece
596 732 677 793 docte
693 733 842 814 Tryphere
857 735 933 811 (18),

70 826 142 887 dont
162 826 261 886 l'e'cole
276 825 329 885 tait
344 827 467 887 retentir
478 829 504 887 le
516 825 647 906 quartier
659 825 695 886 de
713 825 845 887 Suburre
859 825 933 886 lors-

71 918 160 999 qu'ils
176 920 334 979 s'exercent
355 922 373 979 a
394 920 541 994 ddtacher,
566 940 634 980 avec
659 941 701 980 un
724 920 768 980 ser
789 924 944 994 dmonssd,

71 1014 114 1072 les
135 1013 280 1072 membres
301 1013 337 1073 de
354 1013 417 1073 bois
436 1014 485 1075 des
503 1014 630 1074 mod‘eles
649 1013 685 1073 de
704 1013 853 1074 diffe'rents
873 1015 936 1073 ani*-

72 1126 161 1166 maur
172 1107 249 1184 (19),
265 1108 319 1168 tels
337 1128 395 1187 que
418 1109 445 1168 le
465 1107 567 1181 lievre,
590 1109 617 1168 le
633 1106 769 1185 sanglier,
785 1108 811 1167 la
827 1108 935 1187 garelle

71 1190 226 1281 dllgypte,
237 1202 277 1261 les
285 1202 402 1261 oiseaux
411 1202 447 1262 de
457 1202 585 1283 Scythis,
594 1202 620 1262 le
629 1201 719 1281 grand
728 1201 935 1282 phenicopt'ere

70 1301 103 1356 et
117 1294 144 1354 la
158 1295 263 1356 chene
275 1296 310 1356 de
325 1296 440 1356 Getulie
454 1299 529 1374 (50).
547 1299 616 1356 Mon
633 1299 738 1376 o'cuyer
750 1295 863 1368 notice,
885 1295 935 1355 in-

70 1388 160 1448 struit
182 1392 199 1448 a
224 1410 332 1470 couper
357 1411 422 1450 sans
447 1391 529 1465 lacon
554 1391 695 1470 quelques
722 1409 877 1451 morceaux
899 1390 934 1451 de

71 1482 177 1543 visnde
192 1486 267 1561 (51),
280 1504 317 1543 ne
329 1483 383 1543 salt
398 1484 480 1564 point
494 1485 612 1544 enlever
623 1483 806 1544 dextrement
821 1504 862 1542 un
874 1483 936 1544 filet

71 1576 110 1635 de
124 1576 285 1651 cherreuil,
299 1577 329 1637 ni
344 1578 519 1638 l'ailed'une
534 1578 621 1658 poule
633 1576 785 1656 d'hsrique
800 1578 874 1654 (52).
889 1578 933 1635 Un

71 1670 174 1730 enlant
188 1671 332 1751 rasaque,
350 1670 537 1753 simplement
554 1670 627 1729 mais
643 1671 838 1730 chaudement
851 1672 931 1740 v'dtu,

71 1785 147 1825 nous
161 1769 329 1847 pre'sentera
342 1766 391 1827 des
407 1786 513 1846 coupes
523 1765 708 1846 pldhe'ienncs
721 1764 853 1825 achetdes
867 1762 943 1823 avil

73 1859 149 1939 prix.
163 1862 186 1919 Τ
189 1881 207 1919 u
227 1862 295 1920 n'en
309 1881 407 1920 verres
421 1881 518 1920 aucun
532 1860 567 1919 de
583 1859 708 1940 Phrygia
726 1880 764 1919 ou
784 1858 820 1917 de
835 1856 932 1938 Lycia,

73 1953 106 2012 ni
133 1953 301 2015 chercment
327 1959 399 2036 pape
426 1975 464 2013 au
489 1952 647 2013 marchand
675 1953 829 2014 d'esclaves
857 1953 931 2030 (55).

182 2116 222 2158 Est
230 2118 300 2157 eboris
312 2131 317 2158 :
328 2129 367 2158 nec
377 2118 477 2166 tessella,
488 2129 528 2157 nec
537 2117 635 2158 calculus
645 2129 673 2158 ex
681 2119 722 2157 hac

183 2183 279 2225 Materia
292 2198 297 2223 :
309 2187 361 2236 quin
370 2186 417 2236 ipsa
428 2185 541 2225 manubria
552 2184 693 2225 cultellorum

181 2251 255 2300 Ossea,
266 2256 392 2292 nontamen
403 2251 436 2290 his
444 2251 489 2290 ulla
501 2262 597 2302 unquam
604 2253 694 2303 opsonia
704 2250 759 2291 fiunt

116 2318 154 2357 135
182 2317 311 2366 Rancidula,
322 2323 360 2358 aut
372 2317 421 2357 ideo
433 2319 494 2369 pejor
505 2317 586 2367 gallina
595 2321 690 2358 secatur.

183 2385 227 2426 Sed
236 2398 275 2427 nec
288 2389 382 2427 structor
390 2386 432 2425 erit
441 2386 477 2424 cui
486 2384 563 2425 cedere
575 2384 654 2425 debeat
664 2385 734 2424 omnis

182 2453 284 2503 Pergula,
297 2453 417 2506 discipulus
425 2452 533 2504 Trypheri
543 2451 646 2499 doctoris,
657 2450 715 2503 apud
726 2461 792 2501 quem

182 2519 270 2560 Sumine
280 2532 330 2560 cnm
339 2531 417 2570 magno
429 2519 491 2571 lepus
501 2522 566 2569 atque
576 2530 637 2571 aper,
648 2522 715 2568 atque
723 2527 841 2569 pygargus,
917 2533 919 2537 ·

182 2586 212 2626 Et
220 2585 328 2637 Scythicae
340 2588 444 2634 volucres,
454 2590 476 2626 et
486 2586 662 2638 phoenicopterus
670 2586 751 2634 ingens,

117 2653 156 2691 140
183 2654 213 2691 Et
222 2653 322 2693 Gaetulus
333 2665 396 2704 oryx,
408 2653 480 2693 hebeti
489 2653 612 2693 lautissima
622 2651 678 2692 terro

182 2719 287 2768 Caeditur,
298 2724 321 2760 et
330 2724 379 2760 tota
388 2723 450 2759 sonat
461 2717 534 2759 ulmea
544 2730 607 2758 coena
616 2716 722 2757 suburra,

183 2787 231 2825 Nec
242 2786 335 2827 frustum
343 2799 427 2841 capreae
437 2787 566 2834 subducere,
578 2797 617 2826 uec
628 2785 686 2825 latus
695 2783 755 2824 Alrae

185 2854 253 2894 Novit
265 2856 311 2894 avis
319 2860 392 2895 noster
404 2847 533 2904 tirunc'ulus,
543 2865 569 2894 ac
580 2852 641 2894 rudis
650 2853 709 2892 omni

183 2919 296 2972 Tempore,
306 2925 328 2961 et
339 2922 423 2972 exiguae
434 2921 507 2962 trustis
518 2920 617 2960 imbutus
630 2918 708 2960 olellae.

117 2986 156 3026 115
183 2984 284 3027 Plebeios
294 2988 371 3028 calices
381 2993 404 3029 et
415 2990 491 3041 paucis
501 2990 585 3028 assibus
594 2991 679 3039 emptos

185 3054 284 3105 Porriget
293 3056 389 3097 incultus
398 3069 460 3111 puer,
471 3062 536 3108 atque
546 3069 559 3097 a
570 3057 649 3108 frigore
659 3060 732 3106 tutus,

186 3122 236 3161 Non
245 3121 322 3173 Phryx
333 3128 371 3165 aut
383 3125 470 3176 Lycius,
480 3136 522 3164 non
532 3137 544 3165 a
557 3135 663 3176 mangone
673 3124 755 3177 petitus

185 3187 305 3241 Quisquam
314 3193 364 3244 erit,
375 3201 397 3234 et
407 3204 492 3244 magno.
503 3191 576 3242 Quum
585 3204 668 3248 posces,
677 3204 743 3247 posce
752 3193 827 3233 latine,
