2284 3650
154 148 201 197 288
496 144 613 194 sauine
629 146 670 195 vi.

151 245 259 324 joueur
271 242 306 302 de
319 242 402 314 tote,
414 240 534 321 pouvait
545 261 574 300 se
585 242 681 301 ilatter
690 240 725 300 de
738 249 901 321 remporter
911 241 938 300 la
947 261 1021 302 eou-

153 357 245 397 ronne
259 336 295 397 de
309 336 400 396 chene
420 338 476 394 eus
493 335 564 414 jeux
579 334 730 415 capitolino
741 336 816 411 (ol).
831 335 1018 407 Qu'erit-elle

153 428 206 489 fail
222 429 257 489 de
278 429 343 510 plus
356 448 430 509 pour
445 449 485 488 un
499 431 594 508 epoux
609 427 738 487 maladei
751 448 825 507 pour
841 447 882 486 un
897 428 941 486 fils
956 448 1018 507 que

153 522 180 583 le
191 521 323 583 medeoin
335 521 455 602 regarde
465 521 538 582 d'un
553 522 596 581 air
612 521 711 582 triste‘l
723 521 839 581 Debout
853 542 890 582 en
904 522 971 581 iace·
979 521 1018 582 de

153 617 265 690 Poulei,
285 616 339 676 elle
351 610 393 676 'ne
407 615 507 695 rougit
520 615 603 696 point
616 616 652 675 de
667 636 697 676 se
711 615 803 675 voiler
817 616 845 675 lo
862 618 919 675 lete
938 634 1020 695 pour

154 731 194 770 un
214 711 323 790 joueur
337 710 372 769 de
395 709 520 789 guitare'.
540 711 686 790 Repe'lant
705 708 733 768 la
755 709 880 768 termule
902 708 1015 786 diete'ef,

155 803 210 863 elle
226 803 298 884 polit
311 804 328 863 a
342 804 522 863 l'ouverture
539 800 575 861 de
590 802 618 861 la
632 801 761 862 victime.
782 803 819 860 Et
834 801 884 874 toi,
905 802 932 861 le
947 801 1018 880 plus
1065 869 1069 870 ff

155 896 257 958 ancien
273 898 323 958 des
335 897 433 971 (lieux,
448 897 566 956 dianus
578 897 657 974 (65)!
675 894 808 969 dis-moi,
820 895 850 975 je
868 896 927 955 t'en
941 915 1019 955 oon-

152 993 232 1070 jure,
242 991 406 1071 duignestu
418 992 483 1050 leur
496 989 743 1071 repondre‘lDans
757 1010 789 1050 ee
803 1009 860 1062 cas,
869 989 1020 1070 l'Olympe

155 1092 198 1144 est
216 1084 284 1144 bien
304 1084 379 1158 onii,
394 1092 423 1145 et
439 1105 511 1144 vous
525 1092 623 1144 autres
638 1084 735 1157 diens,
759 1083 827 1144 bien
849 1067 1019 1144 desoovre's
1039 1099 1042 1102 ’

155 1177 283 1237 ld·haut.
302 1178 394 1238 L'une
409 1187 436 1236 te
452 1180 581 1237 consulte
599 1198 635 1238 en
650 1179 751 1238 foveor
765 1178 836 1238 d'un
851 1176 1015 1251 comedien,

155 1269 260 1331 l'autre
284 1279 312 1331 te
337 1272 540 1331 recommande
564 1294 605 1331 un
628 1280 728 1332 aeteur
754 1272 789 1332 de
818 1270 945 1350 tragedie
961 1292 969 1330 ι
988 1271 1019 1331 le

157 1367 253 1442 preire
267 1387 285 1445 y
299 1384 425 1446 gognera
438 1365 489 1426 des
505 1366 611 1426 varices
623 1368 697 1444 (66).

197 1457 269 1517 Mais
278 1459 384 1540 qu'elle
396 1460 511 1533 charite,
521 1462 616 1540 plutot
624 1481 681 1541 que
691 1459 725 1520 de
738 1459 888 1541 parcourir
898 1461 926 1519 la
935 1458 1016 1532 ville,

156 1551 191 1612 de
204 1572 234 1612 se
248 1553 340 1612 mileu
358 1554 452 1633 pariari
470 1555 510 1614 les
529 1554 673 1627 hommes,
693 1562 722 1614 et
736 1557 830 1614 meme
846 1575 881 1614 en
898 1562 927 1613 ta
941 1558 1018 1634 pre-

156 1665 240 1707 sence
254 1646 475 1729 d'apostropher
487 1669 538 1708 nos
551 1647 697 1727 guerriers
709 1649 827 1726 (oilla
848 1651 905 1707 tite
925 1647 1018 1708 haute

156 1745 185 1798 et
196 1739 225 1798 la
241 1760 328 1819 gorgo
339 1739 470 1799 saillante
482 1743 488 1798 1
504 1740 586 1800 Cette
597 1740 705 1799 femme
720 1740 774 1799 soit
785 1761 816 1801 ce
827 1740 879 1821 qui
892 1761 921 1800 se
934 1760 1015 1820 passe

156 1833 225 1893 dans
247 1842 311 1895 tout
328 1834 479 1907 l'univers,
499 1855 556 1894 oux
571 1834 657 1894 ludes
677 1843 706 1894 et
725 1835 795 1895 ohez
815 1836 855 1894 les
873 1835 1013 1905 Thraces;

155 1927 209 1987 elle
220 1936 262 1989 est
270 1928 408 1988 instruite
420 1928 459 1988 du
473 1948 635 1990 commeree
645 1936 737 1989 secret
746 1927 836 1988 d’une
845 1929 1016 1989 belle-mero

261 2092 298 2133 An
307 2094 447 2146 capitolinam
458 2093 548 2135 deberet
558 2093 630 2135 Pollio
641 2105 747 2145 quercum

262 2158 361 2212 sperare,
373 2165 395 2199 et
405 2158 485 2200 fidibus
496 2162 630 2213 promittere.
640 2161 699 2210 Quid
710 2161 791 2203 laceret
800 2162 850 2215 plus

261 2227 390 2276 AEgrotaute
399 2229 457 2268 vitot
469 2227 560 2268 medicis
569 2228 625 2279 quid
635 2229 735 2269 tristibus
745 2240 796 2281 erga
905 2273 909 2279 ,

194 2293 235 2334 390
262 2293 382 2335 Filiolumt
392 2293 459 2335 Stetit
470 2298 520 2335 ante
530 2307 597 2342 aram,
608 2307 648 2336 nec
658 2300 722 2348 turpe
731 2297 818 2349 putavit

262 2358 304 2399 Pro
316 2360 400 2400 eithara
408 2360 481 2401 velare
492 2365 559 2413 eaput
565 2374 571 2410 ;
583 2361 711 2414 dictataque
720 2362 787 2402 verba

262 2425 363 2474 Pertulit,
376 2430 400 2467 ut
410 2438 457 2467 mes
465 2431 506 2476 est,
517 2432 540 2468 et
550 2432 626 2480 aperta
637 2428 716 2481 palluit
727 2441 789 2479 agna,

261 2491 302 2531 Dic
314 2492 366 2532 mihi
378 2504 434 2533 nune
444 2504 525 2544 queso,
537 2493 744 2546 die‚'aneiquissime
756 2494 839 2541 divum,

264 2557 390 2610 Respondes
400 2560 442 2611 his,
452 2560 465 2599 J
468 2570 508 2600 ane
517 2562 591 2612 pater!
603 2561 685 2611 Magna
695 2562 740 2602 otia
748 2561 799 2609 coeli
804 2575 811 2611 3

193 2625 234 2665 395
260 2624 312 2665 Non
321 2633 362 2676 est,
373 2631 399 2667 ut
408 2626 480 2676 video,
491 2631 577 2668 nonest
587 2627 647 2680 quod
660 2636 738 2679 agatur
749 2627 807 2680 apud
818 2638 865 2668 vos.

260 2692 315 2732 Hae
324 2692 352 2733 de
363 2693 468 2733 comoedis
478 2699 500 2735 te
509 2695 603 2735 consulit
611 2709 617 2745 ;
626 2695 665 2736 illa
675 2694 799 2746 tragoedum

260 2758 418 2800 Commendare
428 2761 502 2800 volet:
514 2762 626 2801 varicosus
637 2760 675 2801 det
686 2771 786 2812 aruspex.

285 2825 329 2867 Sed
339 2830 412 2867 cantet
421 2828 494 2879 potius
504 2839 571 2878 quam
583 2832 651 2869 totam
662 2827 761 2880 pervolet
771 2828 849 2868 urbem

238 2901 241 2904 ’
259 2893 347 2944 Audax,
359 2898 382 2934 et
392 2897 462 2934 eoetus
471 2895 540 2946 possit
549 2905 615 2946 quam
627 2894 683 2935 terre
694 2896 803 2944 virorum5

192 2959 234 3000 400
260 2959 360 3012 Cumque
370 2960 482 3013 paludatis
493 2961 593 3012 ducibus,
604 2966 709 3014 prasente
718 2963 807 3010 marito,

260 3025 312 3079 ipsa
322 3027 381 3077 loqui
394 3030 454 3066 recta
463 3025 527 3081 faeie,
538 3029 664 3080 strictisque
674 3018 786 3069 mamillis.

261 3092 315 3133 Haec
326 3091 403 3132 eadem
414 3088 474 3133 novit
481 3094 535 3144 quid
548 3098 596 3134 toto
605 3084 645 3135 fiat
655 3096 676 3134 in
684 3096 742 3143 orbe,

260 3158 319 3206 Quid
331 3157 401 3207 Seres,
414 3158 466 3209 quid
478 3159 575 3200 Thraces
586 3164 659 3211 agant,
671 3165 753 3202 secreta
763 3171 864 3202 novercae
