2284 3650
448 128 565 179 SATlRE
581 131 635 179 Vll.
923 139 966 186 511

102 223 275 297 Ventidius,
288 245 330 284 un
342 224 456 285 Tullius
465 228 540 305 (41),
556 228 640 289 sinon
651 230 679 289 la
690 213 839 309 puissance
860 235 971 295 occulte

104 327 138 380 et
159 320 360 381 merveilleuse
381 321 431 401 qui
457 322 536 383 dleve
558 323 689 384 l'esclave
711 345 761 384 sur
781 326 808 385 le
827 330 921 401 irone,
944 329 970 388 le

104 412 202 494 captis
218 434 269 473 sur
287 435 328 474 un
343 414 414 475 char
435 415 471 476 de
490 416 713 499 triompheihu
730 426 816 492 reste,
833 429 878 480 cet
899 422 972 482 heu-

106 526 185 567 reux
198 507 302 568 mortel
315 516 358 567 est
372 509 438 589 plus
454 529 519 571 rare
540 512 635 591 qu'un
648 511 773 573 eorheau
795 513 880 574 blanc
894 517 968 593 (42).

109 602 252 663 Cumhien
267 602 303 663 de
317 604 451 664 rhe'teurs
463 613 513 666 ont
523 606 601 686 gerni
613 606 649 667 de
660 608 746 668 s'dtre
756 607 902 668 assisdans
913 630 970 670 arne

106 695 208 757 chaire
220 695 305 757 vaine
319 705 348 757 et
359 696 471 758 sterile!
483 698 594 759 temoin
602 700 845 780 Thrasymachus,
861 701 970 763 temoin

109 789 263 851 Secundus
287 791 420 853 Carrinas
440 794 516 873 (45),
542 795 559 854 ὲ
582 793 645 874 qui,
673 795 769 855 laches
796 796 968 869 Atheniens

108 905 183 945 vous
205 886 338 961 n'osdtes‚
361 886 431 948 dans
454 908 485 948 sa
507 888 625 964 misere,
650 888 732 949 offrir
750 910 807 970 que
830 891 858 949 la
880 890 970 952 froide

109 985 208 1060 crgue.

154 1075 247 1136 Dieux
262 1076 437 1138 immortelsl
454 1099 511 1159 que
525 1079 642 1140 laturre
656 1081 711 1141 soit
726 1081 820 1160 legere
835 1101 891 1141 aux
906 1084 970 1141 mai-

111 1188 164 1231 nes
175 1169 210 1231 de
221 1192 272 1231 nos
284 1175 428 1243 ancdtres3
440 1195 497 1254 que
510 1175 587 1235 leurs
597 1195 685 1236 urnes
697 1177 824 1237 recelent
834 1178 874 1237 les
883 1177 970 1237 lleurs

77 1305 82 1312 -
111 1265 265 1327 odorantes
278 1266 350 1327 d'un
368 1267 529 1350 printemps
543 1272 653 1330 eternel
669 1273 744 1348 (44),
762 1293 819 1331 eux
830 1270 880 1352 qui
896 1291 969 1331 vou-

111 1358 202 1419 laient
222 1359 292 1419 dans
318 1381 359 1420 un
385 1382 569 1441 gouverneur
584 1363 611 1422 la
634 1363 724 1422 sainte
748 1363 873 1423 autorite
897 1362 969 1422 d'un

112 1454 182 1533 pere
191 1455 198 1511 1
207 1453 330 1528 Achille,
342 1455 408 1535 ddja
417 1455 518 1534 grand,
530 1454 670 1535 craignait
679 1457 705 1516 la
715 1475 800 1535 vorge
812 1456 847 1515 de
861 1455 968 1516 Chiron

112 1548 211 1630 quand
222 1548 242 1609 il
255 1552 378 1630 repetait
390 1571 433 1611 ses
447 1558 559 1611 accents
574 1571 625 1610 sur
636 1550 677 1610 les
690 1559 785 1609 monts
799 1550 834 1609 de
848 1549 970 1609 Thessa—

112 1642 171 1703 lie:
188 1644 256 1723 quel
271 1652 355 1705 autre
368 1645 452 1706 n'eiit
462 1665 510 1724 pas
520 1644 546 1703 ri
558 1643 594 1704 de
609 1644 636 1703 la
646 1664 741 1724 queue
754 1643 794 1702 du
809 1644 971 1704 Centaure?

113 1736 186 1797 Mais
200 1737 391 1816 aujourd‘hui
408 1740 504 1799 Rulus
521 1746 550 1799 et
569 1758 613 1798 ses
631 1738 775 1816 eollegnos
791 1745 855 1797 sont
874 1737 971 1797 battus

113 1852 167 1914 par
179 1833 255 1892 leurs
270 1834 362 1895 eleves
372 1836 446 1914 (45),
464 1835 560 1894 Rufus
574 1833 626 1914 qui
641 1833 750 1893 truitait
765 1833 884 1894 Ciceron
896 1833 972 1893 d'hl·

112 1929 231 2009 lohroge
242 1931 316 2008 (46).

155 2027 201 2086 On
215 2024 345 2086 saitavec
361 2027 429 2106 quel
448 2026 507 2086 zele
527 2027 631 2087 Celede
650 2035 680 2086 et
693 2026 720 2086 le
737 2026 819 2086 docte
832 2027 970 2085 Palemon

119 2188 121 2192 ·
155 2179 195 2219 200
221 2177 287 2219 Sidus
297 2182 320 2219 et
330 2178 408 2219 occulti
421 2178 519 2218 miranda
529 2180 627 2231 potentia
637 2176 691 2219 latii

222 2246 293 2287 Servis
302 2258 367 2298 regna
379 2247 470 2296 dabunt,
481 2247 574 2300 captivis
584 2246 630 2288 lata
642 2248 770 2300 triumphos.

223 2314 286 2354 Felix
296 2315 333 2354 ille
343 2318 423 2363 tamen,
436 2325 500 2354 corvo
511 2325 598 2365 quoque
609 2315 676 2354 rarior
686 2314 743 2355 albo.

223 2383 329 2424 Poennuit
339 2383 419 2424 multos
430 2393 490 2422 vanae
498 2382 621 2433 sterilisque
632 2382 751 2435 cathedre,

222 2449 284 2491 Sicut
293 2451 450 2502 Thrasymarhi
460 2451 537 2503 probat
547 2452 628 2500 exitus,
641 2459 706 2502 atque
717 2450 812 2492 Secundi

155 2518 196 2558 205
222 2517 352 2567 Carrinatis;
363 2521 385 2559 et
394 2518 451 2557 hunc
463 2519 548 2570 inopem
557 2517 651 2566 vidistis,
663 2517 763 2565 Athenae,

223 2584 262 2625 Nil
272 2588 349 2636 praeter
360 2583 443 2635 gelidas
453 2596 511 2624 ausae
523 2583 619 2624 conferre
630 2584 722 2624 cicutas.

249 2650 286 2691 Dii
295 2652 401 2704 majorum
410 2651 492 2692 umbris
502 2655 590 2691 tenuem
600 2655 622 2691 et
632 2651 677 2691 sine
686 2649 780 2703 pondere
790 2654 876 2699 terram,

222 2716 375 2770 Spirantesque
385 2730 465 2766 crocos,
477 2721 500 2758 et
512 2719 534 2758 in
544 2729 598 2759 urna
606 2723 736 2770 perpetuum
745 2728 789 2766 ver,

223 2784 266 2834 Qui
278 2792 432 2840 praeceptorem
443 2787 513 2827 sancti
522 2786 609 2826 voluere
621 2786 716 2839 parentis

156 2853 197 2893 210
223 2852 278 2893 Esse
287 2852 342 2894 loco.
352 2853 455 2894 Metuens
464 2854 530 2904 virgae
536 2853 584 2906 jam
594 2851 682 2904 grandis
692 2852 790 2893 Achilles

223 2920 332 2962 Cantabat
344 2922 421 2974 patriis
432 2923 453 2962 in
462 2921 570 2961 montibus
581 2924 617 2961 :et
627 2922 662 2961 cui
671 2931 713 2961 non
722 2925 774 2962 tunc

223 2987 319 3030 Eliceret
330 2991 398 3030 risum
410 2988 525 3031 citharoedi
535 2988 605 3029 cauda
614 2989 726 3040 magistri!

223 3053 265 3096 Sed
278 3054 357 3097 Rufum
369 3060 435 3108 atque
446 3056 500 3096 alios
510 3053 575 3095 caedit
584 3066 623 3095 sua
634 3066 742 3107 quemque
750 3056 865 3108 juventus,

224 3121 313 3172 Rufum,
325 3125 363 3175 qui
374 3124 439 3164 toties
447 3123 572 3163 Ciceronem
582 3120 700 3173 Allobroga
710 3121 775 3163 dixit.

157 3189 198 3230 215
250 3188 305 3237 Quis
315 3191 396 3241 gremio
405 3188 480 3230 Celadi
490 3189 594 3241 doctique
604 3188 733 3228 Palaemonis
743 3188 805 3229 affert
