<?xml version="1.0" encoding="UTF-8"?>
<!DOCTYPE html PUBLIC "-//W3C//DTD XHTML 1.0 Transitional//EN"
    "http://www.w3.org/TR/xhtml1/DTD/xhtml1-transitional.dtd">
<html xmlns="http://www.w3.org/1999/xhtml" xml:lang="en" lang="en">
 <head>
  <title>
</title>
<meta http-equiv="Content-Type" content="text/html;charset=utf-8" />
  <meta name='ocr-system' content='tesseract 3.04.00' />
  <meta name='ocr-capabilities' content='ocr_page ocr_carea ocr_par ocr_line ocrx_word'/>
</head>
<body>
  <div class='ocr_page' id='page_1' title='image "./persesatires00juvegoog_0302.png"; bbox 0 0 2284 3650; ppageno 0'>
   <div class='ocr_carea' id='block_1_1' title="bbox 201 249 714 301">
    <p class='ocr_par' dir='ltr' id='par_1_1' title="bbox 201 249 714 301">
     <span class='ocr_line' id='line_1_1' title="bbox 201 249 714 301; baseline -0.004 0"><span class='ocrx_word' id='word_1_1' title='bbox 201 250 248 301; x_wconf 78' lang='lat' dir='ltr'>aab</span> <span class='ocrx_word' id='word_1_2' title='bbox 540 249 659 299; x_wconf 71' lang='lat' dir='ltr'>sarlati</span> <span class='ocrx_word' id='word_1_3' title='bbox 675 251 714 299; x_wconf 84' lang='lat' dir='ltr'>vi.</span> 
     </span>
    </p>
   </div>
   <div class='ocr_carea' id='block_1_2' title="bbox 127 341 1063 1837">
    <p class='ocr_par' dir='ltr' id='par_1_2' title="bbox 127 341 1063 1837">
     <span class='ocr_line' id='line_1_2' title="bbox 200 341 1063 428; baseline 0.003 -22"><span class='ocrx_word' id='word_1_4' title='bbox 200 345 240 406; x_wconf 92' lang='lat' dir='ltr'>du</span> <span class='ocrx_word' id='word_1_5' title='bbox 248 344 329 425; x_wconf 84' lang='lat' dir='ltr'>jour,</span> <span class='ocrx_word' id='word_1_6' title='bbox 342 343 434 406; x_wconf 87' lang='lat' dir='ltr'>briser</span> <span class='ocrx_word' id='word_1_7' title='bbox 445 345 472 405; x_wconf 85' lang='lat' dir='ltr'>la</span> <span class='ocrx_word' id='word_1_8' title='bbox 481 341 557 424; x_wconf 83' lang='lat' dir='ltr'>glace</span> <span class='ocrx_word' id='word_1_9' title='bbox 570 345 610 405; x_wconf 94' lang='lat' dir='ltr'>du</span> <span class='ocrx_word' id='word_1_10' title='bbox 623 346 726 417; x_wconf 79' lang='lat' dir='ltr'>&#39;librc;</span> <span class='ocrx_word' id='word_1_11' title='bbox 738 345 808 407; x_wconf 89' lang='lat' dir='ltr'>trois</span> <span class='ocrx_word' id='word_1_12' title='bbox 815 345 869 406; x_wconf 85' lang='lat' dir='ltr'>lois</span> <span class='ocrx_word' id='word_1_13' title='bbox 877 346 931 406; x_wconf 86' lang='lat' dir='ltr'>elle</span> <span class='ocrx_word' id='word_1_14' title='bbox 946 348 1063 428; x_wconf 73' lang='lat' dir='ltr'>pplon-</span> 
     </span>
     <span class='ocr_line' id='line_1_3' title="bbox 200 438 1062 520; baseline 0.001 -19"><span class='ocrx_word' id='word_1_15' title='bbox 200 459 308 520; x_wconf 83' lang='lat' dir='ltr'>gerasa</span> <span class='ocrx_word' id='word_1_16' title='bbox 320 444 378 502; x_wconf 81' lang='lat' dir='ltr'>tete</span> <span class='ocrx_word' id='word_1_17' title='bbox 388 438 550 511; x_wconf 78' lang='lat' dir='ltr'>intimidee;</span> <span class='ocrx_word' id='word_1_18' title='bbox 561 438 597 500; x_wconf 93' lang='lat' dir='ltr'>de</span> <span class='ocrx_word' id='word_1_19' title='bbox 608 440 646 513; x_wconf 75' lang='lat' dir='ltr'>lia,</span> <span class='ocrx_word' id='word_1_20' title='bbox 656 439 830 500; x_wconf 89' lang='lat' dir='ltr'>tremblante</span> <span class='ocrx_word' id='word_1_21' title='bbox 841 448 870 500; x_wconf 89' lang='lat' dir='ltr'>et</span> <span class='ocrx_word' id='word_1_22' title='bbox 880 460 950 513; x_wconf 86' lang='lat' dir='ltr'>nne,</span> <span class='ocrx_word' id='word_1_23' title='bbox 962 441 1020 501; x_wconf 92' lang='lat' dir='ltr'>elle</span> <span class='ocrx_word' id='word_1_24' title='bbox 1031 462 1062 503; x_wconf 88' lang='lat' dir='ltr'>se</span> 
     </span>
     <span class='ocr_line' id='line_1_4' title="bbox 201 534 1062 617; baseline 0.002 -24"><span class='ocrx_word' id='word_1_25' title='bbox 201 534 1062 617; x_wconf 70' lang='lat' dir='ltr'>meinero,sursesgenouxensanglantes‚autourduchamp</span> 
     </span>
     <span class='ocr_line' id='line_1_5' title="bbox 200 627 1060 708; baseline 0.002 -22"><span class='ocrx_word' id='word_1_26' title='bbox 200 628 235 689; x_wconf 90' lang='lat' dir='ltr'>de</span> <span class='ocrx_word' id='word_1_27' title='bbox 250 627 596 708; x_wconf 85' lang='lat' dir='ltr'>Tarquin-le-Superhe.</span> <span class='ocrx_word' id='word_1_28' title='bbox 611 627 641 686; x_wconf 88' lang='lat' dir='ltr'>Si</span> <span class='ocrx_word' id='word_1_29' title='bbox 657 628 685 687; x_wconf 89' lang='lat' dir='ltr'>la</span> <span class='ocrx_word' id='word_1_30' title='bbox 698 628 823 688; x_wconf 81' lang='lat' dir='ltr'>blanche</span> <span class='ocrx_word' id='word_1_31' title='bbox 839 630 870 688; x_wconf 92' lang='lat' dir='ltr'>lo</span> <span class='ocrx_word' id='word_1_32' title='bbox 892 627 1060 703; x_wconf 79' lang='lat' dir='ltr'>l&#39;ordonne‚</span> 
     </span>
     <span class='ocr_line' id='line_1_6' title="bbox 200 712 1063 803; baseline 0.003 -22"><span class='ocrx_word' id='word_1_33' title='bbox 200 721 255 781; x_wconf 91' lang='lat' dir='ltr'>elle</span> <span class='ocrx_word' id='word_1_34' title='bbox 267 721 311 781; x_wconf 85' lang='lat' dir='ltr'>iro</span> <span class='ocrx_word' id='word_1_35' title='bbox 322 721 481 802; x_wconf 83' lang='lat' dir='ltr'>jusqu&#39;aux</span> <span class='ocrx_word' id='word_1_36' title='bbox 500 722 610 781; x_wconf 84' lang='lat' dir='ltr'>confins</span> <span class='ocrx_word' id='word_1_37' title='bbox 625 722 659 782; x_wconf 93' lang='lat' dir='ltr'>de</span> <span class='ocrx_word' id='word_1_38' title='bbox 674 712 820 803; x_wconf 75' lang='lat' dir='ltr'>l&#39;Egypte‚</span> <span class='ocrx_word' id='word_1_39' title='bbox 835 742 872 782; x_wconf 90' lang='lat' dir='ltr'>en</span> <span class='ocrx_word' id='word_1_40' title='bbox 889 730 1063 801; x_wconf 84' lang='lat' dir='ltr'>rapportera</span> 
     </span>
     <span class='ocr_line' id='line_1_7' title="bbox 199 815 1061 895; baseline 0.001 -20"><span class='ocrx_word' id='word_1_41' title='bbox 199 815 249 875; x_wconf 91' lang='lat' dir='ltr'>des</span> <span class='ocrx_word' id='word_1_42' title='bbox 265 835 339 875; x_wconf 77' lang='lat' dir='ltr'>caux</span> <span class='ocrx_word' id='word_1_43' title='bbox 356 815 483 875; x_wconf 88' lang='lat' dir='ltr'>chaudes</span> <span class='ocrx_word' id='word_1_44' title='bbox 504 815 540 875; x_wconf 91' lang='lat' dir='ltr'>de</span> <span class='ocrx_word' id='word_1_45' title='bbox 559 817 656 875; x_wconf 86' lang='lat' dir='ltr'>Me&#39;roe&#39;</span> <span class='ocrx_word' id='word_1_46' title='bbox 670 817 744 894; x_wconf 80' lang='lat'><strong>(85),</strong></span> <span class='ocrx_word' id='word_1_47' title='bbox 766 836 840 895; x_wconf 90' lang='lat' dir='ltr'>pour</span> <span class='ocrx_word' id='word_1_48' title='bbox 861 816 902 875; x_wconf 91' lang='lat' dir='ltr'>les</span> <span class='ocrx_word' id='word_1_49' title='bbox 915 816 1061 894; x_wconf 77' lang='lat' dir='ltr'>repandre</span> 
     </span>
     <span class='ocr_line' id='line_1_8' title="bbox 198 908 1061 990; baseline 0.002 -21"><span class='ocrx_word' id='word_1_50' title='bbox 198 910 270 969; x_wconf 86' lang='lat' dir='ltr'>dans</span> <span class='ocrx_word' id='word_1_51' title='bbox 291 911 317 969; x_wconf 89' lang='lat' dir='ltr'>lc</span> <span class='ocrx_word' id='word_1_52' title='bbox 336 910 444 989; x_wconf 89' lang='lat' dir='ltr'>temple</span> <span class='ocrx_word' id='word_1_53' title='bbox 465 909 561 982; x_wconf 81' lang='lat' dir='ltr'>disis,</span> <span class='ocrx_word' id='word_1_54' title='bbox 581 908 673 969; x_wconf 87' lang='lat' dir='ltr'>voisin</span> <span class='ocrx_word' id='word_1_55' title='bbox 686 909 722 969; x_wconf 93' lang='lat' dir='ltr'>de</span> <span class='ocrx_word' id='word_1_56' title='bbox 735 909 876 990; x_wconf 86' lang='lat' dir='ltr'>l&#39;antique</span> <span class='ocrx_word' id='word_1_57' title='bbox 896 909 1004 969; x_wconf 85' lang='lat' dir='ltr'>bercail</span> <span class='ocrx_word' id='word_1_58' title='bbox 1024 910 1061 971; x_wconf 88' lang='lat' dir='ltr'>de</span> 
     </span>
     <span class='ocr_line' id='line_1_9' title="bbox 200 1000 1059 1065; baseline 0.003 -3"><span class='ocrx_word' id='word_1_59' title='bbox 200 1002 356 1063; x_wconf 84' lang='lat' dir='ltr'><strong>Romulus.</strong></span> <span class='ocrx_word' id='word_1_60' title='bbox 367 1000 429 1062; x_wconf 86' lang='lat' dir='ltr'>Ello</span> <span class='ocrx_word' id='word_1_61' title='bbox 441 1002 513 1062; x_wconf 89' lang='lat' dir='ltr'>croit</span> <span class='ocrx_word' id='word_1_62' title='bbox 522 1002 603 1061; x_wconf 87' lang='lat' dir='ltr'>avoir</span> <span class='ocrx_word' id='word_1_63' title='bbox 614 1002 744 1062; x_wconf 89' lang='lat' dir='ltr'>entendu</span> <span class='ocrx_word' id='word_1_64' title='bbox 752 1001 896 1062; x_wconf 81' lang='lat' dir='ltr'>lavoixde</span> <span class='ocrx_word' id='word_1_65' title='bbox 908 1001 936 1060; x_wconf 84' lang='lat' dir='ltr'>la</span> <span class='ocrx_word' id='word_1_66' title='bbox 947 1001 1059 1065; x_wconf 78' lang='lat' dir='ltr'>deesse.</span> 
     </span>
     <span class='ocr_line' id='line_1_10' title="bbox 200 1095 1062 1177; baseline 0.002 -20"><span class='ocrx_word' id='word_1_67' title='bbox 200 1099 238 1157; x_wconf 89' lang='lat' dir='ltr'>Et</span> <span class='ocrx_word' id='word_1_68' title='bbox 255 1098 330 1158; x_wconf 77' lang='lat' dir='ltr'>voila</span> <span class='ocrx_word' id='word_1_69' title='bbox 346 1098 387 1157; x_wconf 86' lang='lat' dir='ltr'>les</span> <span class='ocrx_word' id='word_1_70' title='bbox 406 1118 485 1157; x_wconf 85' lang='lat' dir='ltr'>ames</span> <span class='ocrx_word' id='word_1_71' title='bbox 499 1095 682 1177; x_wconf 78' lang='lat' dir='ltr'>privilegie&#39;es</span> <span class='ocrx_word' id='word_1_72' title='bbox 693 1099 710 1155; x_wconf 76' lang='lat' dir='ltr'>b</span> <span class='ocrx_word' id='word_1_73' title='bbox 722 1096 773 1176; x_wconf 91' lang='lat' dir='ltr'>qui</span> <span class='ocrx_word' id='word_1_74' title='bbox 787 1097 828 1157; x_wconf 89' lang='lat' dir='ltr'>les</span> <span class='ocrx_word' id='word_1_75' title='bbox 842 1096 930 1156; x_wconf 87' lang='lat' dir='ltr'>dieux</span> <span class='ocrx_word' id='word_1_76' title='bbox 944 1097 1062 1176; x_wconf 85' lang='lat' dir='ltr'>porlent</span> 
     </span>
     <span class='ocr_line' id='line_1_11' title="bbox 199 1189 1060 1272; baseline 0.003 -22"><span class='ocrx_word' id='word_1_77' title='bbox 199 1190 328 1272; x_wconf 88' lang='lat' dir='ltr'>pendant</span> <span class='ocrx_word' id='word_1_78' title='bbox 340 1190 456 1250; x_wconf 85' lang='lat' dir='ltr'>lanuit!</span> <span class='ocrx_word' id='word_1_79' title='bbox 470 1192 533 1251; x_wconf 86' lang='lat' dir='ltr'>Teis</span> <span class='ocrx_word' id='word_1_80' title='bbox 548 1199 614 1251; x_wconf 90' lang='lat' dir='ltr'>sont</span> <span class='ocrx_word' id='word_1_81' title='bbox 628 1190 669 1251; x_wconf 93' lang='lat' dir='ltr'>les</span> <span class='ocrx_word' id='word_1_82' title='bbox 679 1191 830 1251; x_wconf 87' lang='lat' dir='ltr'>honneurs</span> <span class='ocrx_word' id='word_1_83' title='bbox 846 1189 1013 1271; x_wconf 86' lang='lat' dir='ltr'>qu&#39;obtient</span> <span class='ocrx_word' id='word_1_84' title='bbox 1028 1212 1060 1253; x_wconf 89' lang='lat' dir='ltr'>ce</span> 
     </span>
     <span class='ocr_line' id='line_1_12' title="bbox 200 1284 1060 1366; baseline 0.005 -23"><span class='ocrx_word' id='word_1_85' title='bbox 200 1284 323 1366; x_wconf 88' lang='lat' dir='ltr'>pontile‚</span> <span class='ocrx_word' id='word_1_86' title='bbox 333 1290 441 1346; x_wconf 78' lang='lat' dir='ltr'>escortd</span> <span class='ocrx_word' id='word_1_87' title='bbox 452 1286 524 1346; x_wconf 88' lang='lat' dir='ltr'>d&#39;un</span> <span class='ocrx_word' id='word_1_88' title='bbox 536 1293 679 1366; x_wconf 88' lang='lat' dir='ltr'>troupeau</span> <span class='ocrx_word' id='word_1_89' title='bbox 692 1286 727 1345; x_wconf 93' lang='lat' dir='ltr'>de</span> <span class='ocrx_word' id='word_1_90' title='bbox 739 1290 850 1366; x_wconf 76' lang='lat' dir='ltr'>prdtres</span> <span class='ocrx_word' id='word_1_91' title='bbox 859 1285 1060 1347; x_wconf 87' lang='lat' dir='ltr'>tondusetre·</span> 
     </span>
     <span class='ocr_line' id='line_1_13' title="bbox 202 1379 1061 1460; baseline 0.005 -22"><span class='ocrx_word' id='word_1_92' title='bbox 202 1383 284 1440; x_wconf 77' lang='lat' dir='ltr'>vetus</span> <span class='ocrx_word' id='word_1_93' title='bbox 295 1380 331 1441; x_wconf 91' lang='lat' dir='ltr'>de</span> <span class='ocrx_word' id='word_1_94' title='bbox 348 1379 406 1452; x_wconf 89' lang='lat' dir='ltr'>lin;</span> <span class='ocrx_word' id='word_1_95' title='bbox 422 1400 453 1441; x_wconf 88' lang='lat' dir='ltr'>ce</span> <span class='ocrx_word' id='word_1_96' title='bbox 467 1379 629 1460; x_wconf 73' lang='lat' dir='ltr'>rogahond</span> <span class='ocrx_word' id='word_1_97' title='bbox 646 1401 677 1441; x_wconf 88' lang='lat' dir='ltr'>ce</span> <span class='ocrx_word' id='word_1_98' title='bbox 693 1381 799 1441; x_wconf 82' lang='lat' dir='ltr'>nouvel</span> <span class='ocrx_word' id='word_1_99' title='bbox 812 1380 936 1454; x_wconf 75' lang='lat' dir='ltr'>Anubis,</span> <span class='ocrx_word' id='word_1_100' title='bbox 951 1401 982 1440; x_wconf 87' lang='lat' dir='ltr'>se</span> <span class='ocrx_word' id='word_1_101' title='bbox 994 1402 1061 1442; x_wconf 87' lang='lat' dir='ltr'>mo·</span> 
     </span>
     <span class='ocr_line' id='line_1_14' title="bbox 199 1474 1061 1556; baseline 0.003 -22"><span class='ocrx_word' id='word_1_102' title='bbox 199 1482 293 1556; x_wconf 85' lang='lat' dir='ltr'>quant</span> <span class='ocrx_word' id='word_1_103' title='bbox 313 1475 362 1535; x_wconf 87' lang='lat' dir='ltr'>des</span> <span class='ocrx_word' id='word_1_104' title='bbox 381 1474 584 1535; x_wconf 87' lang='lat' dir='ltr'>lamentations</span> <span class='ocrx_word' id='word_1_105' title='bbox 601 1475 640 1534; x_wconf 93' lang='lat' dir='ltr'>du</span> <span class='ocrx_word' id='word_1_106' title='bbox 658 1476 764 1555; x_wconf 91' lang='lat' dir='ltr'>peuple</span> <span class='ocrx_word' id='word_1_107' title='bbox 778 1477 851 1554; x_wconf 82' lang='lat'><strong>(86).</strong></span> <span class='ocrx_word' id='word_1_108' title='bbox 870 1475 893 1535; x_wconf 95' lang='lat' dir='ltr'>ll</span> <span class='ocrx_word' id='word_1_109' title='bbox 912 1476 1061 1537; x_wconf 81' lang='lat' dir='ltr'>intercede</span> 
     </span>
     <span class='ocr_line' id='line_1_15' title="bbox 127 1569 1061 1650; baseline 0.002 -22"><span class='ocrx_word' id='word_1_110' title='bbox 127 1622 133 1635; x_wconf 85' lang='grc'><em>,</em></span> <span class='ocrx_word' id='word_1_111' title='bbox 200 1589 275 1649; x_wconf 90' lang='lat' dir='ltr'>pour</span> <span class='ocrx_word' id='word_1_112' title='bbox 297 1570 380 1629; x_wconf 92' lang='lat' dir='ltr'>celles</span> <span class='ocrx_word' id='word_1_113' title='bbox 402 1569 453 1649; x_wconf 89' lang='lat' dir='ltr'>qui</span> <span class='ocrx_word' id='word_1_114' title='bbox 476 1569 612 1629; x_wconf 73' lang='lat' dir='ltr'>cederent</span> <span class='ocrx_word' id='word_1_115' title='bbox 626 1590 683 1628; x_wconf 79' lang='lat' dir='ltr'>aur</span> <span class='ocrx_word' id='word_1_116' title='bbox 697 1569 787 1629; x_wconf 87' lang='lat' dir='ltr'>desrrs</span> <span class='ocrx_word' id='word_1_117' title='bbox 807 1569 843 1629; x_wconf 90' lang='lat' dir='ltr'>de</span> <span class='ocrx_word' id='word_1_118' title='bbox 862 1570 940 1629; x_wconf 89' lang='lat' dir='ltr'>leurs</span> <span class='ocrx_word' id='word_1_119' title='bbox 963 1572 1061 1650; x_wconf 78' lang='lat' dir='ltr'>epour</span> 
     </span>
     <span class='ocr_line' id='line_1_16' title="bbox 202 1662 1061 1743; baseline 0.001 -21"><span class='ocrx_word' id='word_1_120' title='bbox 202 1662 330 1743; x_wconf 81' lang='lat' dir='ltr'>pendant</span> <span class='ocrx_word' id='word_1_121' title='bbox 344 1663 385 1723; x_wconf 87' lang='lat' dir='ltr'>les</span> <span class='ocrx_word' id='word_1_122' title='bbox 396 1668 477 1737; x_wconf 87' lang='lat' dir='ltr'>jours</span> <span class='ocrx_word' id='word_1_123' title='bbox 489 1663 524 1724; x_wconf 93' lang='lat' dir='ltr'>de</span> <span class='ocrx_word' id='word_1_124' title='bbox 539 1664 610 1723; x_wconf 80' lang='lat' dir='ltr'>letes</span> <span class='ocrx_word' id='word_1_125' title='bbox 627 1663 797 1723; x_wconf 89' lang='lat' dir='ltr'>solennelles</span> <span class='ocrx_word' id='word_1_126' title='bbox 810 1665 884 1742; x_wconf 79' lang='lat'><strong>(87).</strong></span> <span class='ocrx_word' id='word_1_127' title='bbox 898 1664 978 1722; x_wconf 79' lang='lat' dir='ltr'>Vous</span> <span class='ocrx_word' id='word_1_128' title='bbox 992 1683 1061 1724; x_wconf 87' lang='lat' dir='ltr'>avez</span> 
     </span>
     <span class='ocr_line' id='line_1_17' title="bbox 201 1757 1062 1837; baseline 0.001 -20"><span class='ocrx_word' id='word_1_129' title='bbox 201 1778 343 1831; x_wconf 80' lang='lat' dir='ltr'>euenum,</span> <span class='ocrx_word' id='word_1_130' title='bbox 360 1757 411 1817; x_wconf 92' lang='lat' dir='ltr'>dit·</span> <span class='ocrx_word' id='word_1_131' title='bbox 420 1757 452 1830; x_wconf 85' lang='lat' dir='ltr'>il,</span> <span class='ocrx_word' id='word_1_132' title='bbox 472 1779 512 1817; x_wconf 93' lang='lat' dir='ltr'>un</span> <span class='ocrx_word' id='word_1_133' title='bbox 528 1757 690 1817; x_wconf 76' lang='lat' dir='ltr'>chdtiment</span> <span class='ocrx_word' id='word_1_134' title='bbox 703 1758 877 1837; x_wconf 81' lang='lat' dir='ltr'>rigoureux;</span> <span class='ocrx_word' id='word_1_135' title='bbox 894 1778 942 1817; x_wconf 89' lang='lat' dir='ltr'>car</span> <span class='ocrx_word' id='word_1_136' title='bbox 952 1757 1005 1836; x_wconf 83' lang='lat' dir='ltr'>j&#39;ai</span> <span class='ocrx_word' id='word_1_137' title='bbox 1022 1778 1062 1818; x_wconf 89' lang='lat' dir='ltr'>vu</span> 
     </span>
    </p>
   </div>
   <div class='ocr_carea' id='block_1_3' title="bbox 202 1853 1064 2028">
    <p class='ocr_par' dir='ltr' id='par_1_3' title="bbox 202 1853 1064 2028">
     <span class='ocr_line' id='line_1_18' title="bbox 202 1853 1064 1934; baseline 0 -21"><span class='ocrx_word' id='word_1_138' title='bbox 202 1854 228 1913; x_wconf 89' lang='lat' dir='ltr'>lc</span> <span class='ocrx_word' id='word_1_139' title='bbox 241 1862 357 1934; x_wconf 83' lang='lat' dir='ltr'>serpent</span> <span class='ocrx_word' id='word_1_140' title='bbox 367 1853 498 1932; x_wconf 82' lang='lat' dir='ltr'>d&#39;argent</span> <span class='ocrx_word' id='word_1_141' title='bbox 509 1873 628 1914; x_wconf 89' lang='lat' dir='ltr'>remuer</span> <span class='ocrx_word' id='word_1_142' title='bbox 639 1853 666 1911; x_wconf 90' lang='lat' dir='ltr'>la</span> <span class='ocrx_word' id='word_1_143' title='bbox 687 1856 757 1913; x_wconf 75' lang='lat' dir='ltr'>tete.</span> <span class='ocrx_word' id='word_1_144' title='bbox 772 1854 822 1913; x_wconf 91' lang='lat' dir='ltr'>Ses</span> <span class='ocrx_word' id='word_1_145' title='bbox 839 1854 944 1912; x_wconf 87' lang='lat' dir='ltr'>larmes</span> <span class='ocrx_word' id='word_1_146' title='bbox 956 1853 1064 1913; x_wconf 84' lang='lat' dir='ltr'>leintes</span> 
     </span>
     <span class='ocr_line' id='line_1_19' title="bbox 203 1945 1063 2028; baseline 0.001 -21"><span class='ocrx_word' id='word_1_147' title='bbox 203 1955 232 2007; x_wconf 84' lang='lat' dir='ltr'>et</span> <span class='ocrx_word' id='word_1_148' title='bbox 247 1967 290 2007; x_wconf 89' lang='lat' dir='ltr'>ses</span> <span class='ocrx_word' id='word_1_149' title='bbox 307 1946 447 2007; x_wconf 86' lang='lat' dir='ltr'>formulcs</span> <span class='ocrx_word' id='word_1_150' title='bbox 461 1950 614 2028; x_wconf 73' lang='lat' dir='ltr'>prepardes</span> <span class='ocrx_word' id='word_1_151' title='bbox 626 1947 757 2026; x_wconf 85' lang='lat' dir='ltr'>apaisent</span> <span class='ocrx_word' id='word_1_152' title='bbox 772 1950 849 2007; x_wconf 89' lang='lat' dir='ltr'>enlin</span> <span class='ocrx_word' id='word_1_153' title='bbox 865 1945 976 2008; x_wconf 84' lang='lat' dir='ltr'>Osiris:</span> <span class='ocrx_word' id='word_1_154' title='bbox 991 1946 1063 2008; x_wconf 84' lang='lat' dir='ltr'>bien</span> 
     </span>
    </p>
   </div>
   <div class='ocr_carea' id='block_1_4' title="bbox 243 2138 954 3326">
    <p class='ocr_par' dir='ltr' id='par_1_4' title="bbox 310 2138 879 2258">
     <span class='ocr_line' id='line_1_20' title="bbox 310 2138 774 2190; baseline -0.004 -12"><span class='ocrx_word' id='word_1_155' title='bbox 310 2140 353 2179; x_wconf 87' lang='lat' dir='ltr'>Ter</span> <span class='ocrx_word' id='word_1_156' title='bbox 362 2140 469 2180; x_wconf 87' lang='lat' dir='ltr'>matutino</span> <span class='ocrx_word' id='word_1_157' title='bbox 477 2140 549 2179; x_wconf 87' lang='lat' dir='ltr'>Tiberi</span> <span class='ocrx_word' id='word_1_158' title='bbox 561 2142 680 2189; x_wconf 77' lang='lat' dir='ltr'>mergetur,</span> <span class='ocrx_word' id='word_1_159' title='bbox 690 2142 711 2178; x_wconf 90' lang='lat' dir='ltr'>et</span> <span class='ocrx_word' id='word_1_160' title='bbox 721 2138 774 2190; x_wconf 88' lang='lat' dir='ltr'>ipsis</span> 
     </span>
     <span class='ocr_line' id='line_1_21' title="bbox 310 2203 879 2258; baseline -0.004 -12"><span class='ocrx_word' id='word_1_161' title='bbox 310 2206 435 2246; x_wconf 80' lang='lat' dir='ltr'>Vorticibus</span> <span class='ocrx_word' id='word_1_162' title='bbox 444 2206 545 2247; x_wconf 88' lang='lat' dir='ltr'>timidum</span> <span class='ocrx_word' id='word_1_163' title='bbox 556 2210 621 2258; x_wconf 86' lang='lat' dir='ltr'>caput</span> <span class='ocrx_word' id='word_1_164' title='bbox 630 2205 705 2245; x_wconf 81' lang='lat' dir='ltr'>abluet</span> <span class='ocrx_word' id='word_1_165' title='bbox 714 2218 719 2244; x_wconf 81' lang='lat' dir='ltr'>z</span> <span class='ocrx_word' id='word_1_166' title='bbox 728 2204 777 2245; x_wconf 90' lang='lat' dir='ltr'>inde</span> <span class='ocrx_word' id='word_1_167' title='bbox 786 2203 879 2257; x_wconf 88' lang='lat' dir='ltr'>Superbi</span> 
     </span>
    </p>

    <p class='ocr_par' dir='ltr' id='par_1_5' title="bbox 243 2271 915 2593">
     <span class='ocr_line' id='line_1_22' title="bbox 243 2271 915 2324; baseline -0.004 -10"><span class='ocrx_word' id='word_1_168' title='bbox 243 2274 284 2314; x_wconf 76' lang='lat'>525</span> <span class='ocrx_word' id='word_1_169' title='bbox 309 2274 390 2313; x_wconf 91' lang='lat' dir='ltr'>Totum</span> <span class='ocrx_word' id='word_1_170' title='bbox 402 2274 458 2324; x_wconf 85' lang='lat' dir='ltr'>regis</span> <span class='ocrx_word' id='word_1_171' title='bbox 467 2284 554 2324; x_wconf 86' lang='lat' dir='ltr'>agrum,</span> <span class='ocrx_word' id='word_1_172' title='bbox 565 2273 624 2312; x_wconf 88' lang='lat' dir='ltr'>nuda</span> <span class='ocrx_word' id='word_1_173' title='bbox 634 2284 659 2311; x_wconf 86' lang='lat' dir='ltr'>ac</span> <span class='ocrx_word' id='word_1_174' title='bbox 669 2271 811 2311; x_wconf 88' lang='lat' dir='ltr'>tremebunda</span> <span class='ocrx_word' id='word_1_175' title='bbox 819 2272 915 2312; x_wconf 87' lang='lat' dir='ltr'>cruentis</span> 
     </span>
     <span class='ocr_line' id='line_1_23' title="bbox 311 2338 779 2393; baseline -0.006 -13"><span class='ocrx_word' id='word_1_176' title='bbox 311 2342 392 2393; x_wconf 90' lang='lat' dir='ltr'>Erepet</span> <span class='ocrx_word' id='word_1_177' title='bbox 401 2341 491 2390; x_wconf 82' lang='lat' dir='ltr'>genibus</span> <span class='ocrx_word' id='word_1_178' title='bbox 501 2353 505 2379; x_wconf 95' lang='lat'><strong>:</strong></span> <span class='ocrx_word' id='word_1_179' title='bbox 517 2341 536 2379; x_wconf 85' lang='lat' dir='ltr'>si</span> <span class='ocrx_word' id='word_1_180' title='bbox 546 2339 639 2379; x_wconf 86' lang='lat' dir='ltr'>candida</span> <span class='ocrx_word' id='word_1_181' title='bbox 646 2339 737 2391; x_wconf 86' lang='lat' dir='ltr'>jusserit</span> <span class='ocrx_word' id='word_1_182' title='bbox 747 2338 779 2387; x_wconf 89' lang='lat' dir='ltr'>Io,</span> 
     </span>
     <span class='ocr_line' id='line_1_24' title="bbox 312 2404 798 2458; baseline -0.006 -11"><span class='ocrx_word' id='word_1_183' title='bbox 312 2408 356 2448; x_wconf 81' lang='lat' dir='ltr'>ibit</span> <span class='ocrx_word' id='word_1_184' title='bbox 368 2410 389 2447; x_wconf 91' lang='lat' dir='ltr'>et</span> <span class='ocrx_word' id='word_1_185' title='bbox 401 2407 490 2458; x_wconf 82' lang='lat' dir='ltr'>AEgypti</span> <span class='ocrx_word' id='word_1_186' title='bbox 501 2404 572 2455; x_wconf 82' lang='lat' dir='ltr'>finem,</span> <span class='ocrx_word' id='word_1_187' title='bbox 585 2405 710 2456; x_wconf 79' lang='lat' dir='ltr'>calidusque</span> <span class='ocrx_word' id='word_1_188' title='bbox 718 2406 798 2457; x_wconf 83' lang='lat' dir='ltr'>petitas</span> 
     </span>
     <span class='ocr_line' id='line_1_25' title="bbox 314 2473 835 2526; baseline -0.006 -10"><span class='ocrx_word' id='word_1_189' title='bbox 314 2476 335 2516; x_wconf 77' lang='lat' dir='ltr'>A</span> <span class='ocrx_word' id='word_1_190' title='bbox 345 2475 420 2514; x_wconf 89' lang='lat' dir='ltr'>Meroe</span> <span class='ocrx_word' id='word_1_191' title='bbox 430 2475 525 2526; x_wconf 88' lang='lat' dir='ltr'>portabit</span> <span class='ocrx_word' id='word_1_192' title='bbox 536 2486 612 2526; x_wconf 78' lang='lat' dir='ltr'>aquas,</span> <span class='ocrx_word' id='word_1_193' title='bbox 624 2477 649 2513; x_wconf 91' lang='lat' dir='ltr'>ut</span> <span class='ocrx_word' id='word_1_194' title='bbox 658 2476 746 2526; x_wconf 82' lang='lat' dir='ltr'>spargat</span> <span class='ocrx_word' id='word_1_195' title='bbox 757 2473 779 2512; x_wconf 94' lang='lat' dir='ltr'>in</span> <span class='ocrx_word' id='word_1_196' title='bbox 788 2473 835 2513; x_wconf 80' lang='lat' dir='ltr'>aede</span> 
     </span>
     <span class='ocr_line' id='line_1_26' title="bbox 312 2540 806 2593; baseline -0.01 -10"><span class='ocrx_word' id='word_1_197' title='bbox 312 2542 385 2588; x_wconf 84' lang='lat' dir='ltr'>Isidis,</span> <span class='ocrx_word' id='word_1_198' title='bbox 396 2542 484 2592; x_wconf 88' lang='lat' dir='ltr'>antiquo</span> <span class='ocrx_word' id='word_1_199' title='bbox 495 2553 543 2591; x_wconf 83' lang='lat' dir='ltr'>quoe</span> <span class='ocrx_word' id='word_1_200' title='bbox 554 2544 653 2593; x_wconf 84' lang='lat' dir='ltr'>proxima</span> <span class='ocrx_word' id='word_1_201' title='bbox 663 2540 732 2591; x_wconf 82' lang='lat' dir='ltr'>surgit</span> <span class='ocrx_word' id='word_1_202' title='bbox 742 2540 793 2579; x_wconf 82' lang='lat' dir='ltr'>ovili</span> <span class='ocrx_word' id='word_1_203' title='bbox 799 2553 806 2589; x_wconf 70' lang='grc' dir='ltr'><strong><em>ς</em></strong></span> 
     </span>
    </p>

    <p class='ocr_par' dir='ltr' id='par_1_6' title="bbox 248 2608 954 2933">
     <span class='ocr_line' id='line_1_27' title="bbox 248 2608 832 2661; baseline -0.012 -6"><span class='ocrx_word' id='word_1_204' title='bbox 248 2614 287 2655; x_wconf 84' lang='grc'>530</span> <span class='ocrx_word' id='word_1_205' title='bbox 314 2610 390 2653; x_wconf 86' lang='lat' dir='ltr'>Credit</span> <span class='ocrx_word' id='word_1_206' title='bbox 399 2612 456 2650; x_wconf 88' lang='lat' dir='ltr'>enim</span> <span class='ocrx_word' id='word_1_207' title='bbox 468 2610 536 2661; x_wconf 90' lang='lat' dir='ltr'>ipsius</span> <span class='ocrx_word' id='word_1_208' title='bbox 545 2608 638 2649; x_wconf 88' lang='lat' dir='ltr'>dominae</span> <span class='ocrx_word' id='word_1_209' title='bbox 648 2620 671 2648; x_wconf 85' lang='lat' dir='ltr'>se</span> <span class='ocrx_word' id='word_1_210' title='bbox 679 2618 731 2647; x_wconf 74' lang='lat' dir='ltr'>voce</span> <span class='ocrx_word' id='word_1_211' title='bbox 742 2608 832 2648; x_wconf 87' lang='lat' dir='ltr'>moneri.</span> 
     </span>
     <span class='ocr_line' id='line_1_28' title="bbox 312 2674 954 2727; baseline -0.008 -7"><span class='ocrx_word' id='word_1_212' title='bbox 312 2681 345 2720; x_wconf 88' lang='lat' dir='ltr'>En</span> <span class='ocrx_word' id='word_1_213' title='bbox 354 2680 448 2720; x_wconf 87' lang='lat' dir='ltr'>animam</span> <span class='ocrx_word' id='word_1_214' title='bbox 456 2683 479 2718; x_wconf 90' lang='lat' dir='ltr'>et</span> <span class='ocrx_word' id='word_1_215' title='bbox 488 2681 589 2726; x_wconf 79' lang='lat' dir='ltr'>mentem,</span> <span class='ocrx_word' id='word_1_216' title='bbox 600 2688 650 2716; x_wconf 87' lang='lat' dir='ltr'>cum</span> <span class='ocrx_word' id='word_1_217' title='bbox 661 2687 704 2727; x_wconf 89' lang='lat' dir='ltr'>qua</span> <span class='ocrx_word' id='word_1_218' title='bbox 713 2674 744 2715; x_wconf 91' lang='lat' dir='ltr'>dii</span> <span class='ocrx_word' id='word_1_219' title='bbox 753 2680 816 2715; x_wconf 89' lang='lat' dir='ltr'>nocte</span> <span class='ocrx_word' id='word_1_220' title='bbox 825 2674 954 2723; x_wconf 72' lang='lat' dir='ltr'>loquantur!</span> 
     </span>
     <span class='ocr_line' id='line_1_29' title="bbox 313 2744 950 2800; baseline -0.009 -12"><span class='ocrx_word' id='word_1_221' title='bbox 313 2749 370 2800; x_wconf 83' lang='lat' dir='ltr'>Ergo</span> <span class='ocrx_word' id='word_1_222' title='bbox 380 2749 415 2787; x_wconf 89' lang='lat' dir='ltr'>hic</span> <span class='ocrx_word' id='word_1_223' title='bbox 426 2748 558 2800; x_wconf 71' lang='lat' dir='ltr'>praecipuum</span> <span class='ocrx_word' id='word_1_224' title='bbox 571 2755 723 2795; x_wconf 88' lang='lat' dir='ltr'>summumque</span> <span class='ocrx_word' id='word_1_225' title='bbox 734 2748 828 2784; x_wconf 86' lang='lat' dir='ltr'>meretur</span> <span class='ocrx_word' id='word_1_226' title='bbox 837 2744 950 2794; x_wconf 83' lang='lat' dir='ltr'>honorem,</span> 
     </span>
     <span class='ocr_line' id='line_1_30' title="bbox 313 2810 881 2865; baseline -0.012 -10"><span class='ocrx_word' id='word_1_227' title='bbox 313 2814 363 2864; x_wconf 84' lang='lat' dir='ltr'>Qui,</span> <span class='ocrx_word' id='word_1_228' title='bbox 376 2825 439 2865; x_wconf 78' lang='lat' dir='ltr'>grege</span> <span class='ocrx_word' id='word_1_229' title='bbox 449 2814 540 2865; x_wconf 83' lang='lat' dir='ltr'>linigero</span> <span class='ocrx_word' id='word_1_230' title='bbox 549 2811 697 2852; x_wconf 88' lang='lat' dir='ltr'>circumdatus</span> <span class='ocrx_word' id='word_1_231' title='bbox 706 2815 729 2849; x_wconf 90' lang='lat' dir='ltr'>et</span> <span class='ocrx_word' id='word_1_232' title='bbox 737 2821 802 2860; x_wconf 85' lang='lat' dir='ltr'>grege</span> <span class='ocrx_word' id='word_1_233' title='bbox 811 2810 881 2863; x_wconf 83' lang='lat' dir='ltr'>calvo,</span> 
     </span>
     <span class='ocr_line' id='line_1_31' title="bbox 311 2876 796 2933; baseline -0.014 -12"><span class='ocrx_word' id='word_1_234' title='bbox 311 2881 437 2932; x_wconf 86' lang='lat' dir='ltr'>Plan&#39;gentis</span> <span class='ocrx_word' id='word_1_235' title='bbox 447 2880 522 2933; x_wconf 88' lang='lat' dir='ltr'>populi</span> <span class='ocrx_word' id='word_1_236' title='bbox 533 2879 602 2919; x_wconf 88' lang='lat' dir='ltr'>currit</span> <span class='ocrx_word' id='word_1_237' title='bbox 612 2877 695 2917; x_wconf 85' lang='lat' dir='ltr'>derisor</span> <span class='ocrx_word' id='word_1_238' title='bbox 706 2876 796 2916; x_wconf 82' lang='lat' dir='ltr'>Anubis.</span> 
     </span>
    </p>

    <p class='ocr_par' dir='ltr' id='par_1_7' title="bbox 244 2942 873 3260">
     <span class='ocr_line' id='line_1_32' title="bbox 244 2942 838 2997; baseline -0.013 -9"><span class='ocrx_word' id='word_1_239' title='bbox 244 2949 285 2988; x_wconf 75' lang='lat'>5³5</span> <span class='ocrx_word' id='word_1_240' title='bbox 311 2946 353 2987; x_wconf 90' lang='lat' dir='ltr'>Ille</span> <span class='ocrx_word' id='word_1_241' title='bbox 363 2946 418 2997; x_wconf 89' lang='lat' dir='ltr'>petit</span> <span class='ocrx_word' id='word_1_242' title='bbox 427 2947 518 2993; x_wconf 85' lang='lat' dir='ltr'>veniam,</span> <span class='ocrx_word' id='word_1_243' title='bbox 531 2946 617 2994; x_wconf 88' lang='lat' dir='ltr'>quoties</span> <span class='ocrx_word' id='word_1_244' title='bbox 626 2953 669 2982; x_wconf 88' lang='lat' dir='ltr'>non</span> <span class='ocrx_word' id='word_1_245' title='bbox 679 2942 773 2981; x_wconf 85' lang='lat' dir='ltr'>abstinet</span> <span class='ocrx_word' id='word_1_246' title='bbox 783 2952 838 2981; x_wconf 85' lang='lat' dir='ltr'>uxor</span> 
     </span>
     <span class='ocr_line' id='line_1_33' title="bbox 312 3007 800 3059; baseline -0.01 -8"><span class='ocrx_word' id='word_1_247' title='bbox 312 3011 434 3052; x_wconf 89' lang='lat' dir='ltr'>Concubitu</span> <span class='ocrx_word' id='word_1_248' title='bbox 443 3012 509 3050; x_wconf 85' lang='lat' dir='ltr'>sacris</span> <span class='ocrx_word' id='word_1_249' title='bbox 519 3008 701 3059; x_wconf 76' lang='lat' dir='ltr'>observandisque</span> <span class='ocrx_word' id='word_1_250' title='bbox 712 3007 788 3047; x_wconf 87' lang='lat' dir='ltr'>diebus</span> <span class='ocrx_word' id='word_1_251' title='bbox 794 3021 800 3056; x_wconf 85' lang='lat'>;</span> 
     </span>
     <span class='ocr_line' id='line_1_34' title="bbox 313 3073 817 3127; baseline -0.008 -10"><span class='ocrx_word' id='word_1_252' title='bbox 313 3078 436 3127; x_wconf 79' lang='lat' dir='ltr'>Magnaque</span> <span class='ocrx_word' id='word_1_253' title='bbox 447 3076 539 3116; x_wconf 87' lang='lat' dir='ltr'>debetur</span> <span class='ocrx_word' id='word_1_254' title='bbox 548 3076 628 3115; x_wconf 87' lang='lat' dir='ltr'>violato</span> <span class='ocrx_word' id='word_1_255' title='bbox 638 3085 702 3126; x_wconf 86' lang='lat' dir='ltr'>poena</span> <span class='ocrx_word' id='word_1_256' title='bbox 712 3073 805 3114; x_wconf 89' lang='lat' dir='ltr'>cadurco</span> <span class='ocrx_word' id='word_1_257' title='bbox 811 3087 817 3123; x_wconf 84' lang='lat'>;</span> 
     </span>
     <span class='ocr_line' id='line_1_35' title="bbox 314 3143 831 3194; baseline -0.004 -11"><span class='ocrx_word' id='word_1_258' title='bbox 314 3144 343 3183; x_wconf 89' lang='lat' dir='ltr'>Et</span> <span class='ocrx_word' id='word_1_259' title='bbox 353 3143 444 3181; x_wconf 83' lang='lat' dir='ltr'>movisse</span> <span class='ocrx_word' id='word_1_260' title='bbox 454 3145 520 3194; x_wconf 87' lang='lat' dir='ltr'>caput</span> <span class='ocrx_word' id='word_1_261' title='bbox 529 3143 576 3181; x_wconf 77' lang='lat' dir='ltr'>uisa</span> <span class='ocrx_word' id='word_1_262' title='bbox 586 3145 619 3181; x_wconf 88' lang='lat' dir='ltr'>est</span> <span class='ocrx_word' id='word_1_263' title='bbox 628 3145 728 3191; x_wconf 81' lang='lat' dir='ltr'>argentea</span> <span class='ocrx_word' id='word_1_264' title='bbox 737 3151 831 3192; x_wconf 86' lang='lat' dir='ltr'>serpeus.</span> 
     </span>
     <span class='ocr_line' id='line_1_36' title="bbox 313 3208 873 3260; baseline -0.002 -12"><span class='ocrx_word' id='word_1_265' title='bbox 313 3209 375 3249; x_wconf 88' lang='lat' dir='ltr'>lliius</span> <span class='ocrx_word' id='word_1_266' title='bbox 383 3209 484 3258; x_wconf 75' lang='lat' dir='ltr'>lacrymae</span> <span class='ocrx_word' id='word_1_267' title='bbox 494 3208 641 3259; x_wconf 78' lang='lat' dir='ltr'>meditataque</span> <span class='ocrx_word' id='word_1_268' title='bbox 651 3218 760 3248; x_wconf 84' lang='lat' dir='ltr'>murmura</span> <span class='ocrx_word' id='word_1_269' title='bbox 768 3211 873 3260; x_wconf 75' lang='lat' dir='ltr'>praestant</span> 
     </span>
    </p>

    <p class='ocr_par' dir='ltr' id='par_1_8' title="bbox 243 3274 839 3326">
     <span class='ocr_line' id='line_1_37' title="bbox 243 3274 839 3326; baseline -0.007 -7"><span class='ocrx_word' id='word_1_270' title='bbox 243 3278 288 3319; x_wconf 69' lang='lat'>540</span> <span class='ocrx_word' id='word_1_271' title='bbox 314 3275 347 3316; x_wconf 82' lang='lat' dir='ltr'>ut</span> <span class='ocrx_word' id='word_1_272' title='bbox 355 3275 439 3314; x_wconf 82' lang='lat' dir='ltr'>reniam</span> <span class='ocrx_word' id='word_1_273' title='bbox 449 3274 518 3326; x_wconf 77' lang='lat' dir='ltr'>culpae</span> <span class='ocrx_word' id='word_1_274' title='bbox 527 3284 569 3312; x_wconf 91' lang='lat' dir='ltr'>non</span> <span class='ocrx_word' id='word_1_275' title='bbox 579 3274 667 3322; x_wconf 83' lang='lat' dir='ltr'>abnuat,</span> <span class='ocrx_word' id='word_1_276' title='bbox 677 3285 752 3315; x_wconf 82' lang='lat' dir='ltr'>ansere</span> <span class='ocrx_word' id='word_1_277' title='bbox 760 3285 839 3324; x_wconf 81' lang='lat' dir='ltr'>magno</span> 
     </span>
    </p>
   </div>
   <div class='ocr_carea' id='block_1_5' title="bbox 0 0 1146 3650">
    <p class='ocr_par' dir='ltr' id='par_1_9' title="bbox 0 0 1146 3650">
     <span class='ocr_line' id='line_1_38' title="bbox 0 0 1146 3650; baseline 0 0"><span class='ocrx_word' id='word_1_278' title='bbox 0 0 1146 3650; x_wconf 95' lang='lat' dir='ltr'> </span> 
     </span>
    </p>
   </div>
  </div>
 </body>
</html>
