2284 3650
80 121 127 168 5¹11
414 117 531 166 suitur„
546 114 599 165 XV.

81 215 196 275 coculos
207 214 308 287 dicim,
322 212 485 272 d'inrontoi·
499 221 528 272 et
541 212 578 272 de
590 211 857 291 perfectionneries
869 219 944 287 aris,

80 307 203 369 omnint
214 308 285 368 dont
299 316 341 373 est
351 306 449 387 prive'e
460 308 487 365 ia
496 306 586 365 brute
597 306 783 391 oux-regards
795 308 941 368 fixosrers

81 403 109 462 io
129 410 220 463 teme.
246 403 301 461 [tes
323 399 461 479 'i'orig'rne
482 401 532 460 dos
553 399 669 472 choses,
687 400 878 482 idrehiteote
899 401 941 461 du

81 495 187 556 monde
201 492 353 554 n'uccorde
364 493 476 574 qu'une
486 513 551 554 nme
560 492 697 553 sensitiue
710 494 917 556 unanimous
932 515 941 556 ε

81 589 103 649 it
120 608 196 650 nous
214 588 310 648 donna
328 587 364 646 de
392 588 458 667 pius
482 607 540 646 une
566 606 631 647 nme
659 587 855 668 inteliigente,
883 590 943 649 utin

81 683 192 764 quinne
203 681 412 742 bienneiiiooce
425 681 569 741 mutueiie
581 700 658 740 nous
669 681 780 742 ‘excite-t
797 684 814 742 d
831 682 880 743 des
894 700 946 743 se·

82 794 167 838 cours
179 778 376 859 reciproques‚
392 777 450 835 ofin
472 775 730 856 qu'uhundonnnnt
746 776 787 853 ies
808 778 947 859 antiepres

82 872 170 932 sordis
186 872 221 933 de
238 874 315 932 leurs
331 875 428 952 peres,
450 871 490 930 ies
510 869 644 930 hommes
669 870 810 951 disperses
831 873 944 933 fussent

83 969 161 1027 enfin
181 965 298 1036 cecini&
318 967 407 1045 qu'on
428 965 502 1023 isdtit
515 964 573 1024 des
585 964 714 1046 memoris
731 966 892 1044 contiguos,
908 975 946 1028 ct

82 1060 206 1141 qn'ninsi
219 1061 424 1141 rupproehees‚
443 1059 556 1118 chacun
573 1060 706 1137 ygodtitt
715 1059 747 1118 ia
761 1060 884 1119 sdouritd
901 1059 944 1120 dn

82 1152 230 1222 somnieih
249 1171 318 1231 que,
345 1152 384 1211 ies
402 1171 496 1210 urmes
515 1153 532 1209 ὲ
550 1152 580 1209 iu
598 1150 690 1225 moin,
707 1170 745 1211 on
760 1154 885 1227 relevet,
904 1173 942 1214 on

82 1248 192 1306 soutint
202 1265 246 1304 ses
259 1244 441 1324 concitoyens
453 1244 612 1324 opprimes,
625 1266 663 1304 ou
678 1246 862 1307 chonceiants
875 1264 944 1308 sous

82 1338 117 1399 de
131 1339 225 1419 larges
239 1337 403 1407 biessiues;
420 1346 449 1397 et
465 1358 535 1418 que,
552 1342 685 1419 proteges
702 1360 756 1420 pur
769 1342 811 1401 ies
831 1344 944 1403 memes

82 1441 235 1514 tempests,
258 1432 419 1492 reniermes
434 1453 500 1493 sous
517 1453 576 1492 une
598 1436 694 1493 meme
714 1433 780 1507 cies,
798 1435 829 1494 'io
849 1443 944 1495 trom-

82 1534 161 1608 pette
171 1527 221 1586 im
235 1527 262 1585 ie
274 1525 366 1604 signu!
381 1545 520 1584 commun
534 1525 570 1584 de
585 1524 613 1583 in
626 1524 753 1586 defeme.

123 1619 322 1699 Aujonrd'hoi
329 1622 397 1677 o'est
405 1619 475 1678 cher
486 1619 662 1699 iesserpents
671 1639 728 1698 quc
735 1620 802 1679 s'est
812 1621 942 1701 refugide

82 1715 109 1773 ia
127 1712 277 1774 concorde.
290 1714 330 1771 Lu
344 1711 430 1770 brute
441 1714 604 1784 remonuit,
622 1715 746 1791 dpurgne
764 1733 815 1773 son
829 1716 941 1793 espeoe.

83 1806 188 1881 anud
197 1806 293 1867 vit-on
303 1806 334 1866 'le
346 1808 405 1866 iion
417 1806 444 1865 ie
453 1805 517 1885 pius
528 1805 587 1864 fort
600 1808 765 1885 egmgorun
773 1814 856 1867 outre
868 1807 943 1868 lion?

84 1905 160 1962 liuns
179 1899 275 1982 queiie
289 1901 362 1959 toret
373 1900 398 1959 ie
415 1899 505 1978 jeune
520 1897 647 1977 sungiier
660 1899 824 1979 expira-t-ii
836 1900 944 1980 jamnis

189 2128 279 2168 Sensum
290 2127 395 2168 acoeiesti
407 2126 525 2166 demissum
537 2127 645 2166 traximus
655 2136 711 2175 arce,

188 2195 257 2247 Cujus
265 2187 328 2244 egent
339 2204 407 2246 prona
417 2197 439 2233 et
449 2197 529 2233 terram
537 2193 667 2245 spectantia.
680 2193 758 2233 Mundi

189 2263 299 2314 Principio
309 2260 399 2301 indulsit
410 2261 531 2299 communis
542 2259 640 2300 conditor
651 2259 693 2299 iilis

188 2329 283 2370 Tantum
293 2328 384 2373 animas,
393 2326 455 2365 nobis
465 2327 560 2366 animum
569 2337 656 2378 quoque
662 2340 668 2378 ;
680 2330 769 2368 mutuus
778 2331 803 2369 ut
814 2339 854 2369 nos

122 2400 161 2439 150
189 2397 288 2437 Affectus
298 2399 372 2448 petere
382 2393 487 2434 auxilium
498 2399 520 2433 et
531 2398 634 2446 praestare
643 2395 739 2447 juberet,

187 2461 302 2516 Dispersus
311 2461 398 2501 trahere
409 2461 430 2499 in
441 2460 553 2513 populum,
567 2461 660 2510 migrare
669 2464 756 2502 vetusto

187 2533 221 2573 De
231 2544 325 2581 nemore,
338 2536 360 2572 et
371 2532 458 2584 proavis
470 2530 580 2571 habitatas
589 2529 686 2581 linquere
697 2530 777 2581 syivas,

188 2599 305 2640 AEdificare
315 2599 397 2646 domos,
409 2598 500 2637 Laribus
510 2598 639 2647 conjungere
647 2591 726 2637 uostris

187 2667 280 2716 Tectum
291 2666 359 2715 aliud,
371 2670 430 2706 tutos
441 2667 512 2705 vicino
522 2665 596 2704 limine
607 2675 694 2705 somnos

122 2735 161 2774 155
188 2734 220 2775 Ut
230 2734 310 2774 coliata
320 2733 382 2775 daret
392 2732 480 2782 fiducia,
492 2736 605 2785 protegere
614 2732 680 2772 armis

188 2799 290 2852 Lapsum,
303 2803 341 2840 aut
353 2801 433 2851 ingenti
440 2804 553 2839 nutantem
564 2798 652 2838 uulnere
662 2799 745 2846 civem;

187 2865 302 2906 Communi
313 2866 365 2906 dare
376 2868 436 2916 signa
448 2867 509 2914 tuba,
524 2864 636 2905 defendier
647 2864 715 2904 isdem

186 2935 299 2985 Turribus,
310 2939 375 2986 atque
385 2947 428 2976 una
439 2941 551 2989 portarum
561 2935 623 2975 clave
634 2937 711 2976 teneri.

213 3001 256 3042 Sed
267 3004 271 3011 “
289 3014 310 3041 m
322 3007 446 3054 serpentum
460 3004 528 3056 major
540 3003 670 3043 concordia:
681 3003 753 3056 parcit

121 3070 160 3108 loo
188 3014 291 3116 Cogsdtas
302 3067 394 3106 maciriis
405 3070 483 3108 similis
494 3068 546 3108 tera.
557 3068 651 3116 Quando
660 3069 717 3108 leoni

187 3129 274 3173 Fortior
284 3134 364 3185 eripuit
374 3134 441 3172 vitam
452 3134 497 3174 leo*¹
509 3145 552 3184 quo
561 3145 648 3175 nemore
658 3145 753 3186 unquam

1007 2282 1031 2320 l
