2284 3650
469 116 587 167 sarius
603 117 637 167 11.
948 126 977 174 et

115 218 189 299 qn'a
197 237 230 277 ee
240 217 383 296 quentin,
394 214 480 276 ruine
492 235 557 275 sans
567 236 726 292 ressouree,
737 216 757 277 ii
769 218 876 280 entend
887 220 982 302 gemin

116 331 156 372 au
168 310 240 371 fond
251 310 288 371 de
300 330 332 370 sa
342 310 449 370 buurse
461 330 501 368 un
516 309 634 370 dernier
644 313 709 371 eeu.

159 404 193 464 Si
204 404 235 482 je
249 413 277 465 te
291 402 386 463 saisais
398 406 514 483 present
527 402 562 463 de
576 423 682 484 coupes
696 403 843 484 augent,
857 407 892 467 de
904 427 982 469 vases

118 498 183 559 d'or
195 495 298 557 massis
308 496 418 570 eisele's,
435 504 468 556 tu
481 496 591 557 suerais
604 496 693 558 d'aise
705 505 735 558 et
745 500 763 558 ir
772 518 882 587 grosses
895 509 982 580 gout·

119 600 174 666 tes,
191 593 219 652 ie
233 611 317 652 coenr
335 598 364 651 te
384 590 531 651 bondirait
549 591 586 651 de
596 590 667 670 joie.
683 591 726 650 De
739 590 768 651 la
781 599 856 652 cette
870 593 933 654 ide'e
947 594 982 656 de

118 689 208 750 darer
219 691 247 750 ie
258 688 355 768 sisage
370 688 420 748 des
432 687 518 748 dieux
535 707 601 749 avec
618 688 672 748 l'er
688 691 771 768 porte
785 690 802 748 a
815 695 864 748 ton
880 689 983 751 triom-

119 784 266 865 phetiti).
292 784 315 842 ΙΙ
338 783 401 843 faut
422 782 490 845 bien
511 802 569 861 que
588 802 661 842 cens
680 781 730 841 des
750 782 984 861 s1·eres(ii)aux

117 884 232 938 statues
253 875 289 936 de
309 875 417 936 bronze
432 875 490 957 qni
515 874 673 936 t'envoient
695 875 736 936 ies
757 879 838 936 neves
861 876 902 937 les
919 876 985 957 plus

120 971 270 1049 vraistisst
293 969 389 1029 soient·
408 970 535 1049 pre'ieres
555 989 613 1028 aux
633 976 749 1043 autres,
772 977 801 1030 et
823 968 903 1030 aient
927 991 984 1031 une

119 1064 213 1129 barbe
227 1062 373 1144 d'ortiii).
388 1063 454 1122 L'or
474 1083 492 1123 a
512 1062 603 1122 hanni
617 1063 657 1124 les
671 1083 750 1124 vases
763 1064 799 1124 de
815 1065 912 1124 Numa
920 1066 984 1143 (ἳο)

119 1167 152 1220 et
174 1158 217 1220 les
239 1156 353 1218 euivres
372 1156 412 1216 du
437 1163 531 1238 temps
552 1156 589 1216 de
614 1157 754 1230 Saturne3
775 1156 795 1216 il
810 1177 827 1216 a
840 1159 984 1238 rempiaee

120 1252 165 1314 les
184 1271 274 1312 umes
294 1250 344 1310 des
363 1250 483 1310 vestales
508 1258 538 1311 et
559 1249 670 1330 l'argiie
692 1251 741 1312 des
763 1254 885 1312 Tuscans
907 1254 982 1330 (Ἡ).

120 1350 213 1411 Auses
228 1345 367 1408 courbees
388 1346 491 1406 versia
504 1353 601 1418 terre,
614 1354 643 1406 et
658 1345 736 1407 vides
750 1345 786 1406 de
804 1350 921 1427 pense'es
935 1350 984 1408 ee'·

122 1441 226 1516 testes,
243 1438 388 1519 pourquoi
401 1438 564 1499 introduire
580 1459 631 1499 nos
645 1459 755 1500 moeurs
769 1439 839 1499 dans
853 1440 895 1500 ies
908 1447 984 1500 tem-

122 1535 197 1615 ptes,
213 1539 244 1593 et
252 1533 341 1612 juger
351 1531 388 1592 de
401 1552 433 1592 ce
443 1531 494 1612 qui
510 1533 590 1593 ssatte
605 1533 646 1593 ies
659 1532 746 1593 dieux
764 1553 815 1613 par
831 1541 914 1593 notre
926 1532 984 1593 cri-

122 1625 245 1686 mineiie
258 1625 514 1704 delicatesseuttt
526 1627 602 1686 C'est
616 1626 671 1686 elle
685 1626 736 1705 qui
748 1624 859 1684 dissout
872 1625 900 1683 ia
909 1644 984 1686 casse

121 1738 200 1799 pour
220 1737 387 1797 corrompre
408 1717 435 1777 ie
450 1737 499 1777 sue
516 1718 551 1778 de
572 1717 680 1778 l'olive.
702 1717 779 1776 C'est
799 1716 855 1776 elie
868 1715 920 1797 qui
934 1716 985 1775 fait

121 1809 244 1873 houiiiir
269 1811 297 1871 ia
322 1809 400 1872 laine
422 1809 459 1872 de
476 1810 597 1873 Galabre
618 1810 689 1871 dans
714 1810 742 1871 la
769 1809 887 1892 liquens·
911 1811 985 1872 nlte'-

122 1909 173 1967 re‘e
183 1907 248 1987 (ἳὸ)
259 1904 301 1965 dn
309 1924 425 1965 murex.
435 1905 512 1966 C'est
523 1906 578 1967 elie
586 1905 638 1986 qui
648 1906 767 1965 arraehe
779 1904 806 1964 la
818 1906 897 1985 psile
906 1903 941 1965 de
955 1925 985 1965 sa

233 2130 388 2183 Neqnicquam
400 2129 467 2171 fundo
476 2131 571 2183 suspiret
581 2142 682 2172 nummus
691 2131 713 2170 in
723 2130 775 2171 ime.

231 2196 255 2237 Si
263 2198 305 2238 tibi
316 2201 412 2238 crateras
422 2199 515 2249 argenti,
526 2198 645 2249 incusaque
654 2198 729 2251 pingui

233 2263 295 2304 Auro
306 2263 364 2304 dens
372 2263 448 2314 ieram,
459 2263 524 2304 sudes
532 2269 555 2305 et
566 2269 653 2317 pectore
664 2265 718 2305 levo

233 2330 340 2370 Excutias
349 2334 436 2383 guttas;
447 2331 516 2371 letari
526 2331 680 2385 praetrepidum
690 2343 735 2372 cor.

178 2396 207 2437 55
234 2395 294 2436 Hine
303 2394 359 2436 illud
369 2395 444 2443 subiit,
457 2407 510 2437 auro
523 2408 596 2437 sacras
606 2396 665 2447 quod
675 2402 739 2438 ovate

234 2461 341 2502 Perducis
349 2461 423 2503 facies.
435 2463 493 2503 Nam
503 2462 581 2504 tratres
591 2464 646 2504 inter
656 2463 737 2503 ahenos

232 2527 324 2569 Somnia
333 2530 413 2582 pituita
422 2531 461 2581 qui
471 2531 626 2583 purgatissima
634 2531 732 2577 mittunt,

235 2594 343 2649 Proeeipui
355 2599 427 2646 sunto,
438 2598 510 2649 sitque
522 2597 566 2638 illis
574 2609 640 2638 aurea
650 2598 727 2638 barba.

234 2662 329 2713 Aurum,
340 2674 392 2703 vasa
402 2663 488 2714 Numoe,
499 2663 643 2716 Saturniaque
654 2663 742 2717 impulit
752 2674 802 2711 aera,

178 2731 209 2772 80
235 2727 381 2780 Vestalesque
390 2740 463 2781 urnas,
473 2734 495 2772 et
505 2731 602 2772 Tuscum
612 2730 681 2772 fietile
689 2733 769 2770 mutat.

234 2795 254 2836 0
263 2796 364 2837 eurvrein
372 2801 441 2838 terras
451 2799 536 2850 anime,
547 2802 569 2839 et
580 2798 702 2839 eoelestium
711 2797 797 2837 inanes!

235 2863 295 2913 Quid
301 2865 367 2917 juvat
376 2865 423 2914 hoe,
435 2855 523 2920 templis
531 2870 615 2906 nestros
625 2866 742 2905 immittere
750 2874 828 2913 mores,

236 2931 267 2971 Et
277 2931 334 2971 bona
345 2930 387 2971 diis
397 2943 425 2971 ex
435 2933 475 2973 hae
487 2932 592 2973 scelerata
603 2931 684 2972 ducere
693 2931 773 2984 puipat

236 2997 291 3038 Haee
303 2997 345 3038 sibi
356 3003 457 3052 corrupto
468 2999 550 3040 casiam
560 2999 659 3039 dissolvit
669 2998 734 3046 olivo,

179 3065 211 3106 65
237 3064 268 3105 Et
278 3063 389 3105 calabrum
399 3067 459 3106 coxit
469 3066 547 3105 vitiato
556 3067 639 3105 murice
648 3064 725 3104 velius.

238 3130 293 3173 Hae
303 3131 394 3173 baccam
401 3132 489 3174 conche
499 3131 584 3180 rasisse,
595 3134 617 3172 et
627 3132 732 3181 stringere
741 3139 808 3169 renes
