2284 3650
147 217 194 265 492
483 209 600 259 sanna
617 210 671 259 Xll.

148 311 189 371 les
201 309 346 380 matelots,
366 309 465 368 latete
482 310 561 367 rasae
577 308 652 385 (Ἡ),
666 325 694 366 se
705 305 829 386 plaisent
848 307 1026 367 araconter

147 403 225 462 leurs
239 400 336 482 perils.
982 416 985 423 ’

187 496 298 566 Allons,
315 495 439 567 entonis,
453 514 539 554 ornes
549 492 586 556 de
600 495 707 554 lestans
722 494 749 554 le
765 495 873 573 temple
889 500 918 553 et
933 493 1022 552 l'au-

148 592 187 649 tel
207 588 243 648 de
262 608 352 666 garon
368 594 430 648 vert
443 589 523 665 (25);
548 588 730 666 saupoudrez
754 586 795 646 les
817 593 961 647 couteaux
976 585 1021 647 de
1068 624 1073 631 ·

148 682 256 752 larine;
266 701 349 761 soyez
357 681 497 753 attentils,
506 681 609 759 gardez
621 701 662 740 un
671 679 813 759 religieux
820 681 924 740 silence
932 681 1020 757 (Ἃ).

148 778 259 836 levous
269 776 327 836 suis
336 779 353 835 si
362 775 503 836 l'inslant.
516 778 571 836 D'es
584 794 640 854 que
647 773 754 853 j'aurai
765 774 871 853 rempli
879 793 910 834 oe
921 778 1019 854 pieux

148 868 259 940 devoir,
273 868 352 928 'selon
364 871 391 928 le
405 869 454 940 rit,
464 875 494 946 je
508 867 671 929 reviendrai
688 868 743 926 ala
757 867 869 926 maison
883 886 1020 926 conson-

150 983 269 1022 nermos
275 961 360 1042 petits
367 966 496 1042 penates,
505 961 570 1021 faits
579 961 615 1021 de
626 960 685 1021 cire
693 959 794 1039 fragile
805 958 1015 1020 etreluisante.

149 1053 315 1133 l'spaiserai
339 1062 422 1114 notre
440 1054 557 1135 Jupiter
572 1043 653 1132 (ibij
674 1053 704 1133 je
726 1052 796 1112 lerai
820 1053 917 1112 fumer
933 1052 1033 1112 l'en·'

151 1168 217 1206 cens
228 1167 264 1206 en
277 1147 432 1206 l’honneur
449 1147 485 1207 de
497 1168 559 1207 mes
570 1149 644 1207 lares
656 1146 813 1226 paternels‚
829 1146 894 1205 leur
910 1145 1015 1225 prodi-

151 1237 251 1317 guerai
264 1238 313 1297 des
323 1238 455 1299 violettes
467 1239 503 1298 de
517 1246 613 1299 tontes
627 1258 765 1298 nuanees.
782 1238 855 1316 Deja
869 1257 918 1296 ma
930 1237 1016 1296 mai-

152 1352 202 1392 son
216 1332 306 1392 relnit
323 1331 358 1391 de
374 1341 439 1392 tous
453 1336 549 1392 cites:
570 1353 618 1392 ms
632 1341 714 1412 porte
727 1339 769 1392 est
782 1334 869 1391 orne'e
884 1330 920 1392 de
929 1332 1014 1410 longs

152 1445 289 1484 rameaux
299 1425 374 1502 (26),
391 1433 420 1486 et
434 1426 470 1486 de
483 1426 627 1506 lampions
638 1425 760 1484 allumes
778 1432 864 1483 avant
880 1425 909 1484 le
928 1423 1012 1503 point

151 1517 190 1577 du
203 1518 272 1597 jour
283 1519 359 1596 (at).
915 1582 916 1585 ,

192 1612 257 1683 Que
273 1618 337 1672 toul
352 1613 423 1684 cela,
444 1609 597 1684 Corvinus,
614 1630 651 1670 ne
666 1617 693 1670 le
712 1609 767 1680 soit
787 1610 869 1691 point
884 1619 1008 1691 suspect.
1077 1618 1080 1626 '

136 1694 140 1703 ¹
153 1703 279 1777 Catulle,
288 1704 398 1783 dont-jo
410 1704 518 1783 signale
530 1705 556 1764 le
566 1711 668 1764 retour
678 1724 730 1784 par
738 1712 799 1764 tant
811 1703 847 1764 de
858 1703 1008 1778 santifices,

153 1798 247 1859 atreis
255 1798 342 1879 petits
352 1798 499 1859 heritiers.
512 1798 726 1862 Trouve-m'en
733 1798 859 1879 quelque
866 1806 948 1858 autre
959 1797 1010 1877 qui

153 1892 275 1964 sacriste,
294 1913 330 1952 en
343 1894 445 1952 fureur
454 1892 527 1951 d'un
541 1891 599 1950 ami
612 1891 635 1950 si
650 1890 747 1952 ste'rile
759 1893 834 1970 (28),
849 1893 1011 1952 seulement

155 2003 213 2041 une
223 1985 308 2062 poule
319 1986 505 2065 maladepr‘cs
514 1984 550 2044 de
565 1985 673 2044 fermer
683 1985 725 2044 les
736 2005 822 2065 yeux.
832 1987 895 2058 Que
909 1983 1008 2064 dis-je,

155 2094 212 2135 une
227 2078 330 2155 poule!
346 2078 380 2136 ils
392 2099 429 2138 ne
442 2077 648 2138 sacrifieraient
661 2099 711 2159 pas
726 2099 784 2138 une
798 2078 879 2139 seille
896 2099 971 2160 pour
984 2079 1010 2137 le

289 2209 323 2249 lte
332 2210 405 2259 igitur,
417 2212 486 2262 pueri,
499 2210 579 2263 linguis
589 2212 710 2262 animisque
724 2210 829 2264 faventes,

251 2289 253 2292 ’
262 2273 367 2327 Sertaque
376 2275 474 2318 delubris
483 2282 506 2319 et
515 2278 575 2319 t'arra
583 2280 687 2330 imponite
698 2278 783 2328 cultris,

208 2343 235 2382 85
262 2343 295 2383 Ac
308 2344 383 2383 molles
393 2347 468 2384 ornate
478 2344 538 2385 locos
548 2345 678 2396 glebamque
688 2347 809 2395 virentem

263 2410 276 2449 J
278 2421 313 2449 am
324 2421 409 2462 sequar,
422 2416 444 2450 et
453 2422 515 2451 sacro
523 2412 584 2461 quod
595 2416 691 2465 prestat,
703 2414 743 2454 rite
755 2417 850 2466 peracto,

263 2477 317 2517 Inde
326 2477 415 2518 domum
425 2483 530 2530 repetam,
542 2479 636 2532 graciles
645 2480 683 2520 ubi
694 2490 761 2532 parra
769 2490 858 2520 coronas

262 2545 380 2598 Accipiunt
395 2543 466 2596 fragili
483 2545 602 2585 simulacra
612 2546 705 2587 nitentia
715 2557 772 2588 cera.

264 2611 307 2651 Hic
314 2619 411 2653 nostrum
421 2612 513 2664 placabo
523 2611 609 2660 lovem,
623 2611 758 2664 Laribusque
767 2613 867 2665 paternis

209 2678 237 2716 90
263 2678 337 2718 Thura
347 2679 403 2720 dabo
414 2684 481 2731 atque
490 2679 639 2728 omnesbviolae
645 2680 737 2732 jactabo
747 2680 836 2721 colores.

264 2745 349 2787 Cuncta
357 2748 435 2794 nitent,
444 2747 520 2797 longos
531 2746 601 2786 erexit
605 2745 674 2797 janua
683 2758 762 2795 ramos,

265 2809 295 2850 Et
307 2815 419 2853 matutinis
430 2815 527 2867 operitur
538 2811 594 2853 testa
604 2811 705 2854 lucernis.

291 2878 339 2918 Nee
349 2885 452 2933 suspecta
461 2882 500 2922 tibi
513 2881 557 2920 sint
565 2880 619 2927 haec,
630 2878 723 2919 Corrine
735 2892 740 2919 :
751 2878 860 2928 Catullus,

265 2942 309 2983 Pro
318 2946 381 2997 cujus
389 2947 462 2988 reditu
471 2949 504 2988 tot
515 2957 572 2999 pono
584 2946 670 2995 altaria,
681 2957 760 2998 parvos
777 2953 786 2959 ·
830 2953 833 2960 ’

212 3010 239 3049 95
265 3008 319 3049 Tres
326 3010 393 3052 habet
402 3012 499 3054 heredes.
512 3013 575 3054 Libet
584 3015 712 3065 exspectare
724 3014 772 3063 quis
779 3023 866 3064 aegram,

267 3078 295 3116 Et
303 3077 440 3118 claudentem
448 3080 522 3120 oculos
532 3080 636 3132 gallinam
645 3079 758 3133 impendat
769 3080 840 3119 amieo

265 3143 320 3183 Tam
332 3144 411 3184 sterili.
421 3137 504 3185 Verum
514 3147 559 3186 haec
569 3147 637 3186 nimia
644 3151 678 3186 est
689 3147 794 3198 impensa,
804 3145 906 3186 'coturnix

267 3209 333 3249 Nulla
346 3214 443 3259 unquam
452 3222 491 3264 pro
500 3218 562 3264 patre
573 3212 645 3254 cadet.
656 3212 741 3254 Sentire
751 3212 845 3254 calorem
