2284 3650
405 126 522 173 suitur
538 125 604 173 titt.
887 131 935 179 369

75 248 150 290 uuus
162 247 212 308 pas
223 225 275 287 fait
289 232 392 285 autaut
405 223 476 284 dans
488 223 515 283 ia
524 223 679 303 jeunesset
694 224 845 299 D'aecord3
860 226 942 288 mais

74 323 150 402 l'tge
164 341 238 381 nous
256 340 273 379 a
289 318 398 379 rendus
410 319 476 399 pius
488 337 586 396 suges:
604 318 630 376 ie
644 321 733 396 regne
743 317 793 379 des
807 320 934 399 passinus

75 415 267 477 deshcnnetes
287 412 348 473 duit
371 416 432 472 etre
454 420 548 472 court.
570 411 644 471 Bicn
667 411 716 471 des
731 411 804 472 vices
817 412 934 497 doivent

77 508 192 570 tomber
201 528 269 568 avec
282 508 310 566 la
322 505 465 586 premiere
479 504 579 565 barbe.
597 528 612 563 u
627 508 680 566 Les
687 506 791 585 jeunes
802 527 873 586 gens
884 517 934 570 unt

75 603 177 664 besnin
195 601 407 680 d'indngence.
424 621 439 657 n
460 603 617 661 Lateranus
640 600 687 658 n'a
707 601 772 680 pius
792 600 868 662 droit
888 603 936 682 d'y

76 696 245 778 pre'tendre,
254 695 297 756 lui
308 700 360 774 qui
372 715 408 754 ne
417 714 494 754 cesse
507 694 543 754 de
557 693 726 774 frequenter
740 696 780 755 ies
794 696 933 768 thermcs,

76 794 265 864 lesstavernes
279 791 355 867 (⁹27),
371 788 463 848 tendis
476 809 533 868 que
556 788 727 861 i'Arme'nie,
751 790 778 848 la
800 789 893 870 Syrie,
910 791 936 850 ie

78 884 179 957 Rhin,
195 885 221 944 le
237 883 371 957 Danube,
387 884 544 943 rc'ciument
556 882 584 941 la
599 882 724 961 vigueur
740 881 775 942 de
795 904 845 942 son
871 888 935 963 rige,

77 987 108 1040 et
123 981 220 1039 Neron
240 998 282 1037 uu
302 978 467 1037 defenseur.
491 976 660 1050 Envcic-ie,
681 977 777 1051 Cesar,
797 977 939 1038 eureis-ie

77 1071 267 1133 commander
287 1073 304 1130 a
323 1071 544 1132 i'embouchure
565 1071 615 1131 des
635 1073 744 1131 sseuvcs
764 1074 842 1150 (28);
867 1072 940 1132 mais
967 1097 971 1104 ⁴

77 1166 205 1227 cherche
218 1185 250 1225 ce
265 1166 379 1244 general
394 1187 431 1226 au
446 1166 561 1227 cubaret
573 1187 579 1225 :
593 1173 625 1225 tu
636 1166 832 1247 l'ytrouverns
844 1167 939 1248 parmi

78 1260 131 1321 des
145 1258 289 1331 assassins,
302 1260 351 1319 des
366 1260 489 1333 voleurs,
506 1261 555 1320 des
570 1260 734 1334 mariniers,
749 1261 799 1321 des
819 1263 941 1323 esclaves

79 1353 212 1432 sugitiis;
231 1353 326 1434 parmi
342 1353 391 1413 des
405 1354 591 1427 bourreaux,
613 1355 662 1415 dcs
681 1355 803 1415 faiseurs
821 1355 858 1416 de
876 1376 940 1416 cer-

80 1446 173 1508 cueiis
184 1449 259 1525 (29),
278 1449 327 1509 des
342 1453 451 1529 pretres
467 1451 502 1510 de
518 1450 624 1530 Cybele
639 1452 777 1510 runssants
793 1452 810 1509 a
827 1454 889 1510 crite'
904 1451 940 1510 de

81 1542 161 1602 leurs
171 1549 298 1602 muettes
312 1542 466 1623 cymhaics.
484 1547 535 1615 La,
547 1548 643 1604 meme
653 1543 756 1604 liberte
768 1564 843 1623 pour
855 1551 919 1603 tous
931 1565 937 1603 :

81 1635 128 1709 lit,
145 1636 233 1710 table,
252 1657 371 1718 coupeS,
393 1646 458 1699 tout
475 1648 518 1699 est
535 1658 685 1698 commun.
707 1638 771 1709 Que
790 1636 938 1710 ternis-tu,

83 1731 232 1804 Ponticus,
248 1732 320 1791 d'uu
335 1733 423 1812 parcit
446 1732 570 1793 esclave!
593 1739 624 1790 tu
648 1730 815 1790 l'enverrais
829 1749 865 1789 en
880 1721 943 1789 Luss

81 1825 164 1886 canie
176 1847 213 1886 cu
224 1829 295 1889 dans
308 1835 349 1887 tes
363 1829 477 1887 cachcts
486 1827 522 1887 de
533 1829 657 1887 Tuscane
668 1827 742 1904 (30).
760 1825 939 1905 Cependant,

82 1939 155 1980 uuus
169 1928 276 1995 autres,
291 1921 432 2001 d’origine
448 1929 598 2002 troyenne,
615 1942 686 1980 vous
700 1940 812 2001 croyez,
824 1927 889 2000 trop
899 1918 943 1979 in-

192 2082 246 2123 Haec
254 2084 353 2136 juvenes.
366 2084 420 2124 Esto
431 2096 436 2123 :
448 2083 523 2125 desisti
534 2094 619 2136 nempe,
632 2093 671 2123 nec
682 2081 740 2122 ultra

126 2149 166 2188 165
193 2149 277 2189 Fovisti
286 2160 387 2189 errorem.
399 2150 468 2189 Breve
477 2151 513 2199 sit,
526 2149 586 2200 quod
596 2150 688 2202 turpiter
697 2147 771 2189 audes.

192 2212 298 2262 Quaedam
309 2226 359 2255 cum
368 2216 439 2267 prima
450 2220 574 2256 resecentur
583 2216 673 2255 crimina
680 2215 756 2255 barba.

194 2279 287 2332 Indulge
295 2283 379 2321 veniam
391 2283 470 2334 pueris.
482 2282 602 2322 Lateranus
613 2281 641 2322 ad
651 2282 699 2321 illos

193 2347 335 2390 Thermarum
346 2349 424 2389 calices
434 2350 581 2400 inscriptaque
590 2350 657 2389 lintea
665 2348 733 2398 vadit,

194 2413 297 2455 Maturus
308 2413 366 2456 bello
374 2415 491 2464 Armeniae,
501 2414 613 2466 Syriaeque
622 2414 709 2455 tuendis
767 2414 774 2430 ·

127 2480 166 2521 170
194 2480 310 2533 Amnibus,
325 2487 348 2523 et
360 2482 435 2523 Rheno
442 2485 507 2533 atque
518 2483 590 2524 Istro:
601 2486 704 2536 praestare
713 2482 822 2522 Neronem

194 2547 299 2589 Securum
309 2551 368 2591 valet
377 2551 423 2590 hec
434 2553 495 2593 retas.
507 2551 574 2592 Mitte
583 2552 652 2603 Ostia,
661 2550 741 2598 Cesar,

195 2614 264 2656 Mitte
268 2629 275 2666 ;
290 2616 329 2657 sed
339 2618 361 2657 in
370 2629 449 2670 magna
458 2618 555 2668 legatum
564 2628 637 2669 quaere
645 2616 732 2669 popina.

195 2681 294 2724 Invenies
303 2685 377 2736 atiquo
387 2697 436 2726 cum
446 2696 572 2739 percussore
580 2686 698 2737 jacentem,

195 2748 327 2792 Permissum
338 2755 412 2794 nautis
419 2756 442 2794 et
453 2752 544 2803 iuribus,
557 2764 583 2793 ac
593 2752 696 2802 fugitivis,

128 2814 169 2855 175
196 2815 257 2856 Inter
265 2818 377 2860 carnifices
388 2823 410 2861 et
420 2819 492 2861 fabros
501 2819 671 2872 sandapilarum,

198 2881 227 2922 Et
238 2886 359 2937 resupinati
367 2887 474 2928 cessantia
485 2891 590 2940 tympana
601 2884 668 2926 Galli.

197 2948 271 2999 AEqua
280 2951 311 2991 ibi
319 2952 416 3007 libertas,
427 2954 550 2994 communia
560 2951 646 3005 pocula,
657 2950 727 2991 lectus

198 3013 251 3055 Non
259 3017 316 3058 alius
324 3021 433 3071 cuiquam,
444 3032 483 3061 nec
493 3031 565 3060 mensa
575 3019 676 3059 remotior
684 3015 732 3058 ulli.

199 3080 259 3130 Quid
268 3083 336 3127 iacias
344 3089 410 3128 tatem
419 3089 516 3140 sortitus,
528 3088 625 3137 Pontice,
635 3084 734 3126 serrumt

132 3150 174 3191 180
201 3149 287 3205 Nempe
296 3154 319 3194 in
329 3153 427 3199 Lucanos
436 3159 475 3198 aut
483 3157 555 3198 Tusca
564 3154 674 3209 ergastula
684 3153 766 3195 mittas.
