2284 3650
421 154 537 203 SATlRE
553 154 607 205 vit.
895 159 942 208 537

70 271 147 314 une
157 250 263 332 grande
271 250 944 334 cornederhinocerosetdontlecortegecrotle'

69 346 136 408 fait
145 344 541 425 murmurer·lesbaigneurs;
554 366 586 406 ce
595 345 824 427 Tongilliusffl)
836 370 893 429 que
906 351 943 413 de

68 442 191 522 jeunes
202 438 336 511 Mesiens,
347 438 468 499 couches
479 459 545 499 suus
557 439 584 499 le
595 438 718 519 poidsde
726 460 756 500 sa
764 440 857 502 liti'ere
865 444 941 521 (28),

70 535 261 616 promouent
274 542 381 593 auteur
395 532 435 593 ‹lu
452 534 546 594 lorum
571 554 645 613 pour
665 535 782 595 acheter
799 535 849 597 des
864 543 946 599 reses

71 628 239 690 murrhius
259 635 288 688 et
308 628 451 707 d'urgent,
470 627 521 688 des
534 628 656 688 esclaves
674 636 703 689 et
716 629 941 703 desmetairieae

72 744 131 787 car·
142 723 238 784 l'eclat
251 723 287 783 de
301 742 352 783 sou
363 722 444 784 riche
454 725 602 783 vetement
614 722 657 783 lui
672 723 745 783 tient
759 722 817 783 lieu
828 724 864 785 de
876 745 944 785 cau·

75 819 148 879 tion
162 818 237 896 (29).
261 817 307 877 ltu
328 823 414 891 reste,
431 817 458 877 la
477 837 604 899 peurpre
625 824 654 878 et
673 818 856 898 l'ame'thpste
880 819 943 879 lunt

74 912 179 973 valoir
194 912 347 984 l'oruteur3
373 911 518 992 plusieurs
532 918 583 971 ont
599 910 653 971 tire
673 910 747 991 perti
764 910 800 971 de
823 931 853 973 ce
875 912 944 973 luxe

74 1008 249 1087 impostcur
263 1006 341 1083 (50);
360 1004 433 1064 meis
446 1004 516 1064 dans
535 1011 610 1065 cette
630 1007 721 1066 Rome
740 1004 882 1085 prodigue
903 1006 944 1066 les

75 1101 227 1182 depeuses
241 1099 324 1159 n'ont
337 1099 402 1180 plus
415 1098 450 1159 de
464 1097 580 1162 hernes.

125 1193 943 1275 Cemptersurl'c'loquence(51)‘?Personneaujourd'hui

78 1310 121 1351 ne
133 1287 350 1349 donneradeux
361 1294 440 1348 cents
448 1294 584 1347 sesterces
596 1287 741 1348 aCice'ron
750 1288 911 1365 lui-meme,
921 1290 944 1351 si

79 1406 125 1445 un
140 1403 257 1444 anneau
269 1381 406 1462 pre'cieur
419 1402 455 1442 ne
469 1381 553 1443 brille
564 1384 582 1442 a
593 1403 644 1442 son
658 1381 749 1462 doigt.
764 1384 801 1443 le
813 1384 945 1463 plaideur

80 1476 222 1538 examine
236 1476 355 1538 d'abord
372 1474 395 1536 si
413 1497 481 1536 vous
499 1496 565 1536 avez
578 1474 644 1535 huit
658 1483 792 1555 perieurs
805 1478 879 1553 (52),
896 1476 944 1538 dix

79 1572 202 1645 cliente,
220 1591 279 1631 une
291 1569 395 1644 liuere,
408 1578 437 1631 et
452 1592 493 1630 un
503 1573 617 1649 cortege
627 1569 662 1630 de
676 1570 802 1648 ciiepens
815 1590 850 1629 en
867 1578 943 1650 tege.

81 1665 174 1726 Aussi
189 1666 297 1726 Paulus
313 1664 466 1726 n'oublieit
475 1664 580 1744 jamnis
594 1663 629 1724 de
642 1664 723 1724 louer
738 1683 797 1724 une
814 1663 945 1746 sardoiue

83 1781 166 1841 pour
178 1759 302 1842 plaider;
319 1758 395 1819 uussi
407 1779 437 1818 se
447 1757 582 1818 faisait-il
596 1756 696 1817 mieur
706 1776 795 1838 payer
808 1778 865 1839 que
878 1757 945 1818 Gal·

84 1856 134 1916 lus
161 1863 190 1916 ct
215 1854 337 1916 Besilus.
364 1854 468 1927 Quend
483 1853 581 1915 vit-un
595 1852 708 1914 Besilus
727 1856 875 1933 presentet
889 1872 946 1912 aux

81 1949 173 2031 juges
197 1969 255 2010 une
277 1952 356 2010 mere
381 1948 512 2029 e'ploree?
535 1946 625 2009 Fut-it
640 1955 769 2029 pressant
791 1956 820 2010 et
840 1948 945 2030 pathe'·

130 2127 172 2169 130
198 2125 299 2178 Tongilii,
311 2135 389 2176 magno
400 2136 450 2164 cum
460 2125 595 2166 rhinocerote
605 2124 674 2165 lavari

198 2192 241 2241 Qui
250 2193 313 2244 solet,
323 2197 346 2232 et
356 2196 421 2232 uexat
430 2192 537 2233 lutulenta
546 2192 623 2232 balnea
632 2191 704 2240 turbe,

199 2261 284 2310 Perque
295 2258 364 2299 iorum
370 2259 461 2310 juvenes
470 2258 533 2312 longo
544 2261 623 2312 premit
633 2269 704 2298 assere
716 2256 798 2298 Moesos

197 2325 318 2378 Emptums
326 2336 412 2379 pueros,
424 2329 544 2375 argentum,
555 2326 657 2375 murrina,
669 2324 746 2365 villas:

198 2393 295 2446 Spondet
305 2393 362 2434 enirn
371 2392 438 2443 Tyrio
447 2392 547 2434 stlataria
554 2405 651 2446 purpura
663 2392 707 2432 iilo.

130 2463 171 2505 135
196 2460 227 2502 Et
237 2465 308 2501 tamen
317 2463 351 2500 est
362 2459 404 2501 iliis
412 2459 453 2499 hoc
463 2460 516 2499 utile
522 2473 528 2510 ;
538 2470 634 2513 purpura
642 2458 717 2499 vendit

197 2528 356 2579 Caussidicum,
365 2527 461 2568 vendunt
470 2529 625 2580 amethystina,
635 2527 734 2567 convenit
743 2524 787 2565 illis

197 2596 227 2636 Et
235 2595 340 2647 strepitu,
353 2597 375 2634 et
385 2592 439 2634 secie
449 2594 536 2646 majoris
547 2595 620 2634 vivere
631 2604 715 2634 census.

197 2662 240 2704 Sed
249 2662 313 2702 tinem
322 2662 423 2714 impensa
432 2673 473 2701 non
484 2666 555 2702 servat
565 2661 656 2715 prodige
669 2659 745 2700 Roma.

226 2728 326 2770 Fidimus
336 2729 434 2779 etoquiot
446 2728 544 2769 Ciceroni
554 2740 617 2768 nemo
627 2728 731 2768 ducentos

130 2799 170 2841 110
197 2798 261 2839 Nunc
271 2796 356 2837 dederit
365 2807 472 2847 nummos,
482 2797 522 2835 nisi
532 2795 617 2837 fulserit
627 2795 718 2836 annulus
728 2794 811 2845 ingens.

199 2863 297 2916 Respicit
306 2862 347 2902 hoc
357 2863 451 2915 primum
463 2862 501 2912 qui
511 2860 593 2914 litiget,
605 2872 631 2901 an
642 2861 682 2902 tibi
691 2860 747 2900 servi

197 2930 259 2978 Octo,
270 2929 346 2969 decem
355 2930 453 2982 comites,
466 2940 492 2969 an
504 2934 553 2981 post
564 2932 586 2969 te
596 2928 657 2980 sella,
668 2927 737 2978 togati

198 2998 256 3039 Ante
267 2995 341 3049 pedes.
352 2995 404 3036 ideo
414 2994 521 3035 conducta
531 2994 615 3035 Paulus
625 2994 704 3045 agebat

198 3064 337 3114 Sardoniche,
348 3067 413 3116 atque
424 3062 472 3104 ideo
484 3062 551 3115 pluris
561 3074 627 3112 quam
637 3061 715 3103 Gallus
722 3061 807 3113 agebat,

133 3139 172 3179 145
198 3134 270 3183 Quam
281 3132 373 3173 Besilus.
385 3131 441 3172 Rara
452 3132 473 3171 in
483 3131 542 3172 tenui
552 3129 654 3171 fecundia
663 3140 741 3183 panno.

200 3196 292 3250 Quando
304 3199 355 3242 licet
366 3198 438 3240 Basilo
449 3197 536 3239 flentem
545 3196 664 3250 producere
674 3196 778 3241 matrem!

777 3260 810 3308 22
