2284 3650
182 163 230 211 568
515 158 633 208 SATIRE
650 159 717 208 l'lll.

224 254 336 333 L’epais
349 256 580 332 lateranustltl
591 254 643 315 tait
652 255 732 316 voler
740 278 782 317 un
794 256 865 318 char
875 257 902 317 le
917 258 990 335 long
1002 254 1056 316 des

183 349 328 429 sepulcres
340 352 377 409 ou
395 349 488 428 gisent
501 349 543 409 les
557 348 677 409 cendres
691 358 721 410 et
735 352 777 411 les
786 357 947 412 ossements
957 350 997 411 de
1010 369 1057 411 ses

185 446 327 512 ancttres;
343 462 374 502 ce
393 443 493 503 consul
509 442 578 502 hors
593 441 740 504 d’iialeine
757 445 856 505 enraie
876 444 1055 517 lui-meme,

185 536 247 610 oui,
266 535 440 610 lui-meme,
462 537 502 597 tes
520 557 607 597 roues
624 538 660 597 de
674 557 705 597 sa
717 539 831 599 voiture
846 560 853 598 :
868 539 950 612 dest,
972 538 996 601 il
1013 547 1059 600 est

185 631 258 704 vrai,
272 631 400 711 pendant
413 632 442 691 ia
454 630 540 701 nuit;
561 631 634 691 mais
651 631 678 692 la
692 632 763 692 lune
780 633 807 693 le
820 632 899 704 voit,
916 632 996 693 mais
1015 633 1057 693 les

186 734 275 786 astres
294 726 321 785 le
338 724 503 804 regardent.
519 727 585 797 Quo
599 726 713 786 l'annte
724 727 761 786 de
776 746 827 786 son
846 726 984 786 consulat
1001 727 1057 786 soit

186 819 316 893 reuolue,
334 822 492 879 Lateranus
502 818 629 898 prendra
641 819 681 878 les
696 819 798 897 guides
811 840 849 880 en
863 818 946 899 plain
959 819 1054 898 jour:

187 913 247 975 loin
256 913 379 973 d'e'viter
393 913 421 972 la
436 919 589 973 rencontre
603 913 674 972 d'un
687 917 823 973 se'uateur
838 912 999 975 ve'ndrable
1013 962 1021 989 ,
1037 914 1058 975 il

187 1008 333 1068 l’avertira
352 1007 387 1066 de
403 1027 455 1067 son
470 1008 552 1067 fouet
564 1009 627 1085 (25)
644 1028 651 1067 ε
675 1008 829 1068 lui-meme
848 1006 869 1065 il
887 1005 1004 1067 deliera
1019 1009 1059 1069 les

188 1103 301 1182 gerbes,
315 1101 444 1161 donnera
457 1101 492 1161 de
507 1102 597 1181 t'orge
609 1104 626 1162 d
638 1122 681 1162 ses
693 1102 824 1162 cheveux
837 1100 966 1180 iatiguds
979 1104 1058 1180 (Ἃ).

189 1193 391 1267 Sacrifie·t-il,
407 1214 521 1254 comme
533 1197 640 1268 Numa,
659 1218 701 1255 un
714 1196 801 1256 boeuf
811 1202 841 1255 et
855 1194 905 1254 des
920 1194 1026 1256 brebis
1043 1199 1060 1257 ia

189 1287 305 1368 Jupiter
316 1289 391 1365 (25),
405 1287 426 1347 il
445 1309 482 1347 ne
493 1287 561 1368 jure
578 1309 635 1368 que
650 1308 702 1369 par
721 1280 822 1368 Epone
834 1289 910 1366 (ἳὸ),
931 1309 973 1349 on
991 1290 1060 1350 telle

191 1478 346 1539 Passe-t-il
362 1478 389 1537 la
403 1477 468 1536 nuit
480 1496 518 1537 au
533 1476 660 1549 cabaret,
677 1477 703 1537 le
718 1476 861 1556 baigneur
871 1473 967 1535 voisin
982 1475 1022 1536 de
1033 1477 1061 1536 la

191 1580 273 1655 porte
289 1573 482 1643 ldumdenne,
498 1571 671 1649 dtgouttant
689 1570 724 1630 de
743 1571 886 1649 parinum,
900 1589 1058 1651 accompa-

192 1671 248 1748 gne'
264 1666 300 1726 de
311 1667 339 1726 ia
352 1667 423 1727 leste
439 1666 535 1745 Cyane
551 1672 652 1725 tenant
670 1686 729 1725 une
743 1664 895 1737 bouteille,
912 1663 1012 1724 voleat
1031 1684 1060 1725 sa

192 1760 386 1834 rencontre,le
397 1760 477 1819 salue
486 1759 743 1819 affectueusement
751 1758 801 1818 des
811 1777 894 1817 rioms
904 1756 941 1817 de
952 1760 1060 1817 maitre

194 1863 223 1915 et
242 1856 277 1916 de
291 1854 346 1915 roi.
361 1856 407 1915 (ln
422 1875 469 1914 me
484 1853 558 1928 dira,
581 1874 656 1934 pour
671 1854 829 1914 l'excuser:
854 1852 928 1911 N'en
949 1871 1060 1913 avons-

234 2019 274 2059 145
301 2019 409 2070 Tempora
419 2020 530 2059 santonico
541 2019 601 2058 velas
612 2018 719 2070 adoperta
729 2017 829 2057 cucullo?

329 2084 411 2124 Praeter
422 2086 529 2137 majorum
540 2086 622 2125 eineres
633 2088 698 2134 atque
707 2095 756 2123 ossa
767 2084 850 2123 volucri

302 2151 411 2204 Carpento
421 2154 504 2204 rapitur
514 2154 602 2206 pinguis
614 2152 741 2202 Lateranus,
755 2154 777 2190 et
788 2151 841 2203 ipse,

303 2220 352 2272 Ipse
364 2225 434 2261 rotam
444 2222 532 2272 stringit
542 2221 612 2261 multo
622 2219 745 2260 sufflamine
755 2218 829 2259 consul
843 2231 848 2258 :

303 2286 374 2326 Nocte
383 2286 472 2337 quidem
481 2300 488 2336 5
500 2287 539 2327 sed
550 2287 602 2327 luna
613 2286 673 2327 videt
680 2300 686 2337 ς
699 2285 736 2326 sed
746 2285 818 2325 sidera
828 2288 895 2325 testes

237 2353 276 2394 150
304 2351 423 2392 Intendunt
432 2353 513 2395 oculos.
525 2354 623 2394 Finitum
633 2357 719 2405 tempus
728 2353 815 2392 honoris

304 2418 378 2469 Quum
387 2418 462 2471 inerit,
473 2421 531 2461 clara
541 2420 661 2462 Lateranus
670 2420 719 2461 lnce
729 2418 841 2471 flagellum

303 2486 388 2537 simet,
396 2495 419 2529 et
429 2499 543 2528 occursum
553 2499 663 2540 nunquam
675 2486 794 2539 trepidabit
805 2484 869 2525 amiel

305 2553 318 2594 J
321 2565 355 2594 am
365 2556 429 2604 senis,
440 2566 464 2595 ae
475 2556 535 2606 virga
544 2555 603 2607 prior
614 2556 700 2602 annuet,
713 2555 779 2604 atque
789 2548 895 2602 maniplos

304 2620 386 2668 Solvet,
398 2628 420 2663 et
435 2621 534 2662 infundet
539 2622 646 2673 jumentis
654 2620 735 2661 hordea
744 2619 814 2659 lassis.

241 2689 280 2730 155
308 2690 399 2738 Interea,
409 2690 462 2730 dum
471 2690 556 2731 lanatas
567 2694 697 2742 torvumque
704 2688 823 2741 juvencum
839 2694 843 2701 ¹

210 2759 214 2766 '
308 2757 370 2798 More
381 2759 459 2799 Numae
469 2757 534 2799 eaedit
546 2757 607 2798 Jovis
616 2762 666 2798 ante
677 2756 762 2806 altaria,
768 2754 830 2807 jurat
857 2745 861 2750 ’
907 2761 910 2765 “

307 2822 380 2864 Solam
391 2825 489 2877 Eponam
498 2830 520 2865 et
530 2823 597 2865 iacies
606 2823 665 2864 olida
675 2822 704 2863 ad
715 2821 819 2874 praesepia
830 2819 908 2872 pictas.

307 2888 350 2929 Sed
360 2902 428 2941 quum
440 2890 555 2943 pervigiles
564 2891 637 2944 placet
648 2891 767 2929 instaurare
777 2886 876 2939 popinas,

308 2954 390 2995 Obvius
401 2956 488 2996 assiduo
498 2956 644 3009 Syrophoenix
655 2954 710 2995 udus
721 2964 806 2994 amomo

243 3023 282 3063 loo
308 3021 389 3071 Currit,
403 3023 506 3064 ldnmaeae
517 3023 663 3077 Syrophoenix
674 3022 744 3062 incola
755 3023 830 3074 portae,

309 3087 410 3139 Hospitis
420 3089 498 3130 affectu
505 3090 617 3132 dominum
626 3100 743 3141 regemque
753 3087 844 3138 salutat,

311 3154 340 3193 Et
350 3165 400 3193 cum
409 3156 480 3196 venali
490 3156 563 3208 Cyane
574 3159 684 3198 succincta
695 3155 778 3207 lagena.

312 3217 416 3261 Defensor
425 3221 494 3274 culpae
506 3223 566 3264 dicet
575 3225 629 3264 mihi
641 3237 647 3267 ι
660 3223 762 3265 Fecimus
773 3224 794 3263 et
804 3230 843 3263 nos
