2284 3650
443 191 559 241 SATlRE
574 193 643 241 Vlll.
921 196 971 244 cis

109 293 200 372 digne
211 291 302 351 d'etre
315 290 416 370 pleuti
429 310 482 371 par
493 292 533 351 les
552 291 652 351 denies
665 291 809 353 comnines
819 293 894 370 (56),
914 292 968 356 (1(1-

113 407 203 447 66666
217 392 291 445 66116
306 392 399 445 treme
416 404 473 444 aux
489 390 648 446 se'naleuis.
674 388 726 446 Les
739 387 784 445 fils
797 387 833 446 de
846 388 969 462 Brutus,

112 479 208 539 hellus
224 478 384 557 deverges,
403 478 566 540 tomb'ecenl
581 500 646 539 scus
666 481 694 539 16
714 479 858 561 premiere
875 480 971 542 heche

111 573 260 654 employee
276 593 329 652 per
344 593 394 632 nos
404 573 458 633 lois
469 576 544 652 (57).

151 669 166 728 J
171 666 313 726 'aimerais
324 666 434 737 micus,
451 668 597 740 Ponticus,
616 675 644 727 te
656 667 719 727 vein
735 668 779 726 fils
789 667 824 727 de
837 667 969 730 Thersite

111 781 180 822 avec
191 762 218 820 le
230 762 329 820 uuicur
340 761 482 821 d'hchillc
494 763 569 839 (58),
584 768 614 822 61
626 761 743 841 capable
755 761 790 821 de
804 761 917 823 manici
927 763 969 824 les

111 875 206 915 armes
220 854 256 915 de
270 854 409 928 Tulcain,
424 876 482 935 que
502 856 547 915 fils
560 855 715 929 (1116111116,
729 864 758 916 61
772 856 929 917 semblable
950 858 969 917 h

110 948 255 1009 Thersite.
272 949 381 1008 Nohle!
397 948 516 1029 quique
531 959 564 1008 16
580 949 646 1023 scis,
660 950 758 1031 quand
770 957 802 1009 lu
817 957 971 1011 remonte-

109 1041 169 1103 rsis
179 1043 297 1122 jusqu'h
314 1042 342 1101 la
361 1042 508 1102 lundaticn
523 1043 558 1103 de
574 1046 680 1117 Rome,
703 1053 735 1104 16
755 1045 823 1105 6’66
840 1065 899 1105 sors
917 1063 970 1126 pes

110 1136 207 1197 moins
218 1136 290 1196 d'un
300 1134 369 1196 mile
381 1136 489 1196 infame
498 1139 573 1215 (59).
588 1140 627 1197 Le
642 1139 769 1224 premier
782 1138 818 1199 dc
832 1139 969 1221 tespeces

110 1249 150 1291 ne
163 1231 210 1290 161
225 1231 421 1311 6666111166,
437 1250 518 1291 ou...
529 1231 559 1311 je
574 1233 755 1294 n'acheuerai
773 1254 833 1315 pus,

219 1431 312 1472 Occulta
321 1429 349 1471 ad
360 1438 433 1483 patres
439 1430 544 1483 produxit
555 1432 646 1471 erimina
656 1443 729 1472 servus

221 1500 330 1542 Macronis
339 1499 447 1550 lugendus
456 1513 462 1539 :
473 1504 496 1541 at
508 1500 556 1539 ilios
565 1500 655 1539 verbera
661 1501 728 1551 justis

221 1566 328 1608 efficiunt
337 1566 413 1618 poenis,
426 1574 448 1606 ec
458 1566 532 1617 legum
541 1567 613 1619 prime
623 1566 712 1605 securis.

247 1633 308 1675 Malo
317 1638 379 1687 pater
388 1634 428 1673 tibi
436 1635 465 1673 sit
474 1633 593 1682 Thersites,
606 1632 724 1673 dummodo
735 1636 760 1673 tu
770 1633 798 1672 sis

153 1703 195 1745 270
221 1702 318 1744 AEacide
329 1702 414 1751 similis,
424 1701 575 1753 Vulcaniaque
588 1713 648 1741 arma
657 1696 764 1754 capessas,

220 1769 292 1819 Quam
302 1774 325 1811 te
332 1770 438 1809 Thersite
448 1770 540 1810 similem
551 1769 658 1824 producat
670 1768 775 1810 Achilles.

221 1841 251 1882 Et
259 1846 340 1889 tamen,
350 1842 376 1880 61
384 1838 446 1889 longe
454 1844 540 1891 repetas
551 1840 657 1891 longeque
665 1838 762 1879 revolvas

222 1907 317 1959 Nomen,
327 1906 354 1946 eb
365 1903 440 1945 infami
450 1908 536 1956 geniem
546 1907 637 1948 deducis
647 1905 715 1958 asylo.

222 1974 333 2028 Majorum
344 1974 433 2026 primus,
443 1974 542 2025 quisquis
551 1974 594 2016 fuit
603 1975 646 2021 ille,
658 1978 752 2021 tuorum,

154 2042 195 2083 275
221 2042 268 2085 Aut
279 2046 353 2097 pastor
364 2038 414 2087 1611,
426 2044 464 2080 aul
474 2041 529 2083 illud
539 2043 598 2094 quod
609 2042 680 2083 dicere
690 2042 747 2082 nolo.
