2284 3650
169 203 217 252 108
515 199 634 250 smne
649 200 680 248 V.

169 297 210 357 les
224 294 353 370 anchus,
372 295 399 356 lc
413 298 588 367 castoreum,
608 295 635 354 le
649 293 788 366 chanvre,
809 294 934 367 i'dbbne,
950 294 1040 355 l'eu·

169 409 248 461 cens,
268 390 296 449 ie
315 388 365 448 vin
390 387 426 448 de
451 388 523 459 Cos3
547 387 605 446 sois
624 386 652 445 le
673 385 801 466 premier
821 390 839 446 a
861 388 979 447 eniever
1002 388 1042 446 ie

171 480 270 561 poirre
284 481 324 543 du
343 480 394 541 dos
412 479 462 541 des
479 480 642 540 chameaux
660 480 780 550 allecem
796 481 922 561 trafique
935 480 1039 554 enlin,

170 575 358 655 perjure-toi.
372 608 414 622 -
430 574 501 634 Mais
520 573 639 655 Jupiter
651 573 846 634 m'entendra.
864 608 905 620 -
917 575 1040 634 Pauvre

170 671 230 728 sot!
244 668 275 729 Si
293 678 325 730 tu
340 668 449 749 aspires
462 670 480 728 a
493 666 574 728 vivre
591 688 629 727 en
647 667 744 727 bonne
758 666 942 747 intelligenee
961 687 1044 728 avec

170 761 297 842 Jupiter,
320 760 478 822 iesous-toi
500 760 574 822 donc
591 764 610 820 a
630 762 722 821 racler
742 768 771 820 ta
790 762 892 821 saliere
914 762 1042 820 asecle
1130 800 1131 829 ,

170 852 249 934 doigt
265 863 345 915 toute
361 862 389 914 ta
402 854 459 914 vie.

212 949 285 1027 De'ja
299 957 327 1007 ta
346 948 416 1007 robe
430 955 473 1008 est
484 952 665 1016 retrousse'e;
683 956 716 1007 tu
731 949 851 1027 charges
867 954 909 1008 tes
920 947 1042 1017 vaiets;

170 1037 229 1098 site
244 1060 282 1098 au
298 1039 443 1122 vaisseaul
461 1041 536 1101 Rieu
547 1042 720 1120 n'empische
733 1049 782 1100 ton
795 1049 874 1101 vaste
884 1039 986 1100 navire
996 1039 1043 1099 de

170 1132 271 1193 fendre
286 1135 326 1193 les
341 1135 405 1194 liots
424 1133 459 1194 de
477 1126 589 1214 l'Egee,
606 1134 629 1194 si
648 1154 680 1194 ce
700 1135 776 1193 n'est
794 1135 823 1193 la
840 1134 958 1213 volupte
979 1140 1039 1213 qui

172 1234 200 1286 te
217 1226 272 1287 tire
290 1230 308 1288 a
328 1229 439 1288 l'e'cart.
457 1229 648 1308 imprudent,
668 1230 707 1287 oir
725 1231 885 1288 cours-tu‘i
901 1226 1038 1288 dit-elle.

172 1321 217 1381 uo
234 1321 327 1381 donc‘t
339 1324 404 1395 Que
425 1329 549 1383 veux-tu
565 1323 654 1382 faire?
668 1323 765 1401 quello
781 1322 887 1381 ardeur
901 1321 937 1380 de
957 1341 1039 1380 cou-

171 1434 239 1493 rage
257 1418 412 1477 enssamme
432 1424 482 1477 ton
499 1437 591 1489 coeur,
611 1416 723 1496 qu'une
741 1437 814 1475 urne
832 1415 868 1475 de
889 1413 974 1494 cigue
996 1436 1043 1473 nc

177 1508 310 1587 pourrait
332 1509 482 1569 e'teindre‘?
507 1509 602 1582 Quoi!
624 1517 765 1569 traverser
785 1514 814 1570 ia
834 1511 914 1568 mer?
933 1507 1040 1580 Quoi!

172 1597 256 1660 diuer
278 1622 329 1660 sur
348 1603 374 1661 lc
394 1601 483 1676 tillac,
500 1602 568 1661 assis
590 1622 640 1662 sur
661 1602 710 1662 des
730 1602 839 1675 cordes,
863 1604 902 1662 οὺ
924 1601 984 1660 l’on
1005 1609 1043 1659 te

174 1713 289 1753 versere
308 1693 379 1753 d'un
393 1695 472 1774 large
490 1694 559 1754 broc
579 1715 621 1753 un
635 1694 685 1754 vin
704 1700 858 1773 rougeatre
873 1701 902 1753 et
914 1701 1043 1754 sentam

174 1787 202 1847 la
220 1787 302 1868 poixi
331 1790 390 1849 He'l
413 1809 471 1870 que
490 1788 699 1850 cherches-tu‘i
723 1790 777 1847 Las
798 1787 834 1849 de
855 1785 975 1848 nourrir
997 1785 1042 1846 ici

175 1889 225 1941 ton
237 1889 339 1961 argent
351 1903 403 1962 par
422 1904 480 1942 une
501 1903 590 1943 usure
608 1883 749 1955 modeste,
766 1889 903 1954 veui-tu,
922 1879 1043 1940 aforee

174 1972 210 2033 de
230 1985 345 2047 sueurs,
362 1975 405 2035 lui
427 1974 499 2035 faire
520 1976 625 2035 rendre
639 1973 937 2055 quatre-ringt-dix
958 1993 1044 2053 pour

174 2067 313 2126 eentldh
324 2070 331 2125 1
345 2067 476 2128 livre-toi
486 2068 583 2148 plutot
593 2089 631 2128 au
641 2068 756 2149 plaisir!
772 2070 815 2128 Ne
826 2068 966 2128 cueillons
977 2088 1045 2147 que

216 2215 254 2254 135
281 2212 417 2267 Castorem,
428 2219 525 2268 stuppas,
537 2217 638 2264 ebenum,
651 2217 709 2265 thus,
720 2216 803 2256 lubrica
812 2215 865 2256 Coa.

281 2281 343 2321 Tolle
354 2293 428 2322 recens
438 2283 522 2334 primus
531 2284 593 2335 piper
603 2295 615 2322 e
625 2284 712 2323 sitiente
722 2284 805 2323 camelo
811 2296 817 2332 ;

281 2348 349 2389 Verte
360 2348 453 2400 aliquid,
459 2349 518 2400 jura.
531 2349 611 2389 -Sed
624 2350 711 2402 Jupiter
719 2349 802 2390 audiet.
813 2371 838 2380 -
850 2349 926 2389 Eheu!

283 2414 347 2464 Baro,
359 2418 494 2465 regustatum
503 2415 574 2466 digito
584 2416 693 2455 terebrare
700 2415 792 2456 salinum

282 2480 403 2522 Contentus
412 2493 509 2535 perages,
521 2482 539 2521 si
549 2484 622 2522 virere
631 2493 681 2523 cum
692 2482 747 2522 Jove
755 2481 835 2523 tendis.

217 2548 254 2587 110
282 2547 295 2587 J
298 2559 333 2587 am
343 2550 423 2600 pueris,
434 2548 514 2601 pellem
523 2549 655 2600 succinctus,
667 2553 690 2590 et
700 2550 839 2601 aeuophorum
850 2553 929 2602 aptas·,

282 2613 355 2665 Ocyus
365 2614 393 2655 ad
402 2626 486 2655 navem.
498 2615 537 2655 Nil
546 2615 619 2656 obstat
626 2617 680 2665 quin
689 2616 750 2656 trabe
758 2620 821 2655 vasta

283 2682 376 2732 AEgeum
390 2682 470 2734 rapias,
480 2682 522 2721 nisi
531 2682 599 2721 solers
610 2682 697 2722 luxuria
708 2691 758 2723 ante

282 2748 403 2789 Seductum
412 2755 500 2789 moneat
511 2760 516 2788 ε
526 2748 576 2796 Quo
584 2748 672 2797 deinde,
684 2749 765 2796 insane,
778 2748 835 2787 ruisi
847 2747 911 2794 Quot

281 2815 340 2864 Quid
352 2817 392 2856 tibi
401 2816 446 2856 visi
459 2814 536 2855 Calido
548 2816 588 2856 sub
599 2819 687 2868 pectore
696 2816 793 2855 mascula
802 2815 851 2855 bilis

218 2884 257 2923 lib
285 2883 399 2932 Intumuit,
411 2893 478 2933 quam
487 2892 529 2921 non
537 2883 656 2922 extinxerit
667 2892 722 2921 urna
732 2882 819 2921 cicutae.

281 2950 336 2990 Tun’
347 2960 407 2989 mare
417 2948 539 2989 transiliant
548 2948 600 2987 Tibi
609 2952 667 2988 torta
677 2948 774 2988 cannabe
785 2946 849 2995 fuito,

282 3017 350 3057 Coena
361 3018 390 3056 sit
401 3017 422 3055 in
431 3019 534 3065 transtro,
544 3016 734 3066 Veientanumque
743 3015 851 3054 rubellum

283 3083 379 3123 Exhalet
389 3082 469 3135 sapida
478 3082 553 3122 laesum
565 3083 614 3135 pice
622 3082 703 3122 sessilis
713 3082 783 3122 obbat

281 3149 341 3197 Quid
349 3150 420 3202 petist
430 3149 462 3189 Ut
471 3150 563 3200 nummi,
572 3160 628 3200 quos
637 3150 673 3188 hic
684 3148 805 3199 quincunce
813 3147 916 3189 modesto

216 3217 256 3258 150
283 3216 406 3267 Numeres,
415 3218 518 3267 peragant
527 3214 604 3254 avidos
613 3214 691 3255 sudare
700 3213 806 3254 deuncest
