2284 3650
290 533 494 628 suurn
528 516 821 632 flurrriuu.

437 818 486 859 uns
503 818 607 859 nonnas
625 806 671 874 (t).

168 1318 388 1398 Qu'importent
401 1319 442 1379 les
458 1319 661 1399 ge'udalogies‘l
679 1321 744 1392 Qua
764 1327 833 1393 sert,
853 1320 985 1381 dPonti-

128 1432 198 1486 cus,
213 1412 305 1473 d'dtre
318 1412 378 1473 issu
400 1413 450 1473 des
462 1414 528 1494 plus
542 1413 675 1493 antiques
694 1433 784 1488 incer,
804 1414 840 1474 de
857 1422 987 1475 montrer

127 1507 170 1568 les
187 1505 343 1586 imagesde
355 1527 399 1566 ses
412 1512 562 1568 aurdtres:
579 1507 620 1567 les
634 1497 775 1567 Emiliens
785 1510 828 1585 (u)
841 1528 891 1566 sur
910 1508 988 1567 leurs

128 1600 215 1662 chars
226 1600 262 1661 de
276 1599 439 1680 triumphe,
454 1601 496 1661 les
509 1600 616 1660 Curius
627 1603 645 1659 ir
658 1599 737 1659 demi
747 1604 868 1678 rongd5‚
881 1599 989 1659 Curri-

128 1714 187 1754 nus
199 1714 265 1755 sans
276 1694 394 1775 dpaules
404 1697 467 1772 (ὅ),
484 1694 575 1754 Galba
588 1713 653 1752 sans
667 1714 720 1752 nez
735 1700 765 1753 et
778 1713 843 1752 sans
857 1691 988 1752 oreilles‘?

128 1789 173 1851 La
192 1789 323 1851 noblasse
340 1809 378 1850 ne
396 1788 611 1849 serriru-l-elle
625 1788 694 1868 qu'a
713 1787 834 1868 pouroir
845 1794 987 1860 montier,

129 1883 268 1963 haguelte
287 1904 323 1944 en
334 1883 437 1955 main,
453 1884 494 1943 les
513 1883 613 1943 bustes
626 1883 760 1943 enlume's
770 1883 820 1942 des
833 1883 990 1942 dictaleurs

131 1985 160 2037 et
171 1978 221 2038 des
234 1982 352 2038 maitres
366 1978 401 2038 de
412 1977 563 2050 ceruleum,
581 1977 675 2038 tundis
689 1979 778 2058 qu’on
793 1979 935 2058 de'ge‘ulere
952 1998 988 2038 eu

131 2075 268 2151 presence
282 2073 332 2132 des
347 2072 488 2153 lepidus?
502 2075 527 2132 Α
541 2072 610 2153 quoi
630 2072 688 2133 bun
705 2074 745 2132 les
758 2072 867 2153 images
881 2071 990 2134 detaut

132 2165 168 2226 de
180 2167 276 2240 hairus,
292 2166 315 2226 si
330 2167 388 2226 l'on
400 2187 481 2247 passe
494 2167 536 2227 les
550 2165 631 2227 uuits
644 2187 701 2227 aux
714 2166 785 2246 jeux
797 2167 832 2228 de
843 2167 959 2240 hasard,
973 2169 989 2227 ir

131 2260 161 2321 la
170 2261 232 2322 lace
241 2260 282 2322 du
294 2260 458 2342 rainqueur
469 2261 505 2320 de
520 2263 691 2321 Numanue?
705 2260 728 2321 si
740 2262 800 2322 l'ou
813 2282 851 2322 ne
865 2262 991 2323 s'endurl

432 2430 498 2474 v111.
514 2454 540 2463 -
555 2431 689 2477 NOBILES.

241 2542 363 2586 Stemmata
371 2544 424 2597 quid
436 2544 531 2586 faciunt!
542 2545 601 2594 Quid
613 2545 710 2599 prodest,
723 2546 822 2595 Pontioe,
834 2544 899 2596 longo

242 2610 353 2663 Sanguine
361 2614 452 2662 oenaeri,
463 2614 579 2665 pictosque
590 2612 705 2654 ostendere
713 2612 789 2653 vultus

241 2679 360 2733 unorum,
371 2686 395 2722 et
404 2685 487 2722 stanter
498 2682 520 2721 in
530 2682 632 2722 curribus
642 2680 776 2728 AEmilianos,

241 2746 271 2786 Et
280 2746 359 2787 Curios
368 2748 417 2800 Jam
426 2747 537 2797 dimidios,
549 2749 696 2798 humerosque
706 2747 813 2786 minorem

200 2815 215 2855 5
241 2813 368 2865 Corvinum,
378 2820 401 2856 et
412 2815 507 2857 Galbam
517 2816 622 2856 auriculis
631 2825 728 2866 nasoque
736 2814 859 2855 carentem!

242 2880 299 2929 Quis
307 2880 392 2922 tructus
402 2884 487 2933 generis
499 2881 575 2922 tabula
579 2882 665 2934 J‘aetare
676 2883 753 2934 capaci

243 2947 369 2995 Corvinum,
378 2949 471 3000 posthae
480 2948 550 2988 multa
559 2949 684 2999 contingere
694 2948 756 2999 virga

243 3015 351 3056 fumosos
359 3017 461 3067 equitnm
470 3027 521 3055 curn
532 3015 640 3056 dictatore
649 3017 772 3066 magistros,

242 3080 267 3122 Si
279 3093 352 3122 coram
361 3082 451 3135 Lepidis
460 3082 518 3121 male
526 3082 623 3121 vivitur!
633 3081 718 3133 effigia
726 3093 770 3134 quo

189 3150 218 3190 10
243 3149 288 3190 Tot
299 3150 437 3197 bellatorum,
448 3151 467 3190 ai
476 3148 560 3189 luditur
571 3148 619 3188 alea
627 3159 710 3201 pernox

243 3217 303 3258 Ante
315 3217 472 3257 Numantinost
479 3217 499 3255 si
509 3214 605 3255 dormire
614 3215 692 3267 incipis
700 3219 752 3256 ortu
