2284 3650
175 189 223 235 394
509 186 626 235 SATIRE
643 186 687 235 lx.

176 283 270 344 moins
295 283 449 345 miseraute
468 285 486 343 a
504 282 619 343 souiller
631 283 659 341 la
670 294 746 343 terre
764 285 835 364 qu'ii
847 282 965 345 louiller·
983 306 1039 346 sun

175 381 290 438 maitre.
303 380 347 437 Tu
361 386 389 439 te
403 377 512 457 ernyais
528 386 750 457 apparernment
763 378 851 451 beau,
865 378 968 457 jaune,
983 379 1040 441 de-

175 471 252 544 licat,
268 471 354 551 digne
375 472 454 532 enlin
474 471 565 531 d'iitre
584 470 750 531 l'e'chanson
762 472 800 531 de
814 471 939 552 Jupiter.
958 474 1041 533 Vnus

175 565 225 645 qui
240 585 277 626 ne
290 586 372 626 savez
384 564 449 626 rien
460 565 583 637 donner,
598 584 648 644 pas
658 568 755 626 mime
766 568 783 625 ‘a
793 574 873 626 autre
885 565 947 626 viee
957 569 1007 642 (ll
1015 569 1039 644 l,

174 660 381 720 neuma-vous
395 658 501 738 jamnis
515 658 587 739 pitie
604 658 677 718 d'un
698 679 809 738 paulae
827 658 936 719 client?
953 660 1042 721 vuiti

173 753 200 832 le
211 773 388 833 personnage
401 755 419 811 i
431 752 483 833 qui
498 772 727 832 nousenvspons
747 773 787 811 un
804 752 915 832 parasel
930 762 997 813 veri
1006 762 1041 815 et

173 845 209 906 de
218 847 343 925 grandes
355 866 459 925 coupes
473 846 616 920 d'arnbre,
630 853 726 905 toules
737 846 778 905 les
789 846 843 905 fois
855 866 915 926 que
929 846 957 906 le
967 846 1040 925 jour

174 939 210 999 de
219 960 252 1000 sa
261 940 528 1001 naissancerevient
539 949 568 999 et
583 960 639 1020 que
653 939 799 999 l'lrumr'de
810 939 976 1020 printemps
987 960 1038 1002 ra⁴

174 1054 353 1107 mmmence,
364 1035 457 1094 landis
471 1055 540 1115 que,
552 1035 664 1094 souche
676 1054 727 1093 sur
736 1055 795 1093 une
809 1034 905 1094 ehaise
914 1035 1037 1114 longua,

172 1147 287 1187 marma
304 1148 365 1188 une
382 1129 490 1188 femme
504 1128 633 1208 pendant
646 1128 687 1188 les
699 1128 832 1188 calendes
848 1128 885 1188 de
903 1148 993 1202 mars,
1017 1130 1039 1189 il

173 1219 264 1295 rapuit
275 1241 326 1281 nos
334 1222 406 1282 dous
415 1222 673 1302 mysterieuxllll.
684 1222 830 1301 Re'ponds,
844 1222 965 1283 homme
976 1243 1048 1296 non¹

174 1313 268 1373 moins
288 1314 371 1375 laseif
388 1317 483 1396 qu‘un
504 1315 654 1389 moineau,
677 1318 697 1375 ir
723 1315 775 1395 qui
798 1320 974 1388 aenerves-tu
992 1324 1034 1375 tes

173 1405 292 1489 ahamps
305 1409 451 1490 apuliam,
463 1418 492 1470 et
501 1431 547 1470 ces
559 1410 681 1490 prairies
691 1410 761 1470 dont
773 1411 799 1470 le
808 1410 896 1488 trajet
905 1409 1038 1470 lasserait

174 1521 215 1561 ua
234 1502 325 1564 milan
335 1507 422 1583 (itit
437 1507 477 1565 Le
498 1504 646 1565 territoire
660 1504 696 1564 de
711 1503 844 1575 Trifolni,
858 1505 899 1563 les
910 1512 1039 1564 anteana

174 1595 210 1657 de
225 1597 344 1671 Cumas,
360 1619 432 1659 ceux
447 1599 485 1659 de
499 1600 599 1658 (raum
612 1600 676 1676 (ll)
692 1606 720 1658 te
738 1597 909 1678 preduisent
923 1605 986 1657 tant
996 1597 1039 1660 de

174 1689 235 1764 vin,
251 1712 308 1771 que
321 1692 374 1751 nul
391 1701 475 1752 autre
495 1712 532 1751 ne
543 1692 665 1772 rernplii
679 1693 745 1772 plus
760 1693 795 1752 de
812 1701 960 1751 tenneaux
977 1712 1037 1772 que

175 1784 428 1866 toip0u1·laraee
447 1787 560 1848 future.
584 1788 650 1859 Qua
665 1785 826 1847 t'auruit-il
847 1789 932 1847 coriti
954 1786 1034 1847 d'nc·
1067 1841 1071 1847 .

175 1878 275 1940 eorder
281 1882 422 1961 quelques
436 1880 598 1960 arpentsde
607 1888 686 1940 terne
699 1884 716 1940 i
730 1889 779 1940 ten
793 1881 882 1941 client
890 1883 1039 1942 extenuet

176 1972 216 2032 (le
229 1977 326 2053 preire
336 1974 376 2035 de
391 1974 497 2055 Cybele
512 1976 575 2052 (15)
589 1974 673 2033 aut-il
688 1975 793 2035 merite
812 1975 877 2055 plus
897 1995 955 2054 que
972 1975 1038 2035 moi

229 2199 256 2235 45
282 2195 362 2236 Servus
371 2197 412 2236 erit
423 2196 494 2236 minus
501 2196 539 2236 ille
548 2196 622 2246 miser,
632 2197 670 2246 qui
678 2194 760 2237 foderit
771 2207 849 2246 agrum

272 2248 352 2310 'Quam
363 2262 482 2304 dominum.
492 2262 536 2304 Sed
545 2268 571 2304 tu
580 2274 632 2304 sane
643 2267 740 2304 tenerum
752 2267 774 2304 et
783 2274 874 2315 puerum
882 2266 912 2312 te,

282 2330 312 2369 Et
322 2329 444 2381 pulchrum,
456 2333 478 2370 et
488 2329 578 2380 dignum
585 2330 668 2381 cyatho
680 2330 778 2381 coeloque
787 2330 890 2382 putabas.

282 2394 328 2435 Vos
339 2395 416 2436 humili
424 2395 524 2444 adseclae,
534 2408 573 2436 vos
585 2395 726 2447 indulgebitis
736 2407 832 2446 unquam

281 2457 374 2510 Cultori,
380 2462 429 2513 jam
439 2473 479 2501 nec
489 2462 566 2502 morbo
578 2460 659 2501 donare
670 2462 753 2514 parati!

229 2527 256 2567 50
282 2526 317 2567 En
327 2529 362 2568 cui
373 2533 398 2569 tu
407 2528 499 2569 viridem
509 2527 635 2576 umbellam,
646 2529 681 2568 cui
692 2529 780 2568 succina
787 2528 862 2567 mittas

282 2594 387 2644 Grandia,
398 2596 478 2635 natalis
486 2595 574 2645 quoties
584 2593 648 2645 redit,
660 2598 698 2636 aut
708 2593 822 2634 madidum
830 2604 867 2634 ver

283 2659 364 2712 Incipit
368 2675 374 2710 ;
385 2665 408 2701 et
417 2665 486 2701 strata
495 2661 581 2713 positus
591 2661 697 2712 longaque
705 2659 809 2700 cathedra

283 2726 376 2768 Munera
386 2727 485 2768 femineis
495 2731 576 2768 tractat
587 2731 671 2767 secreta
682 2726 786 2767 calendis.

283 2792 333 2845 Dic,
344 2805 426 2846 passer,
438 2794 474 2834 cui
483 2799 516 2835 tot
525 2798 616 2842 montes,
627 2797 660 2834 tot
669 2793 750 2847 praedia
760 2804 832 2833 servas

229 2859 257 2899 ³25
282 2860 379 2912 Appula,
390 2864 423 2901 tot
431 2860 511 2900 milvos
522 2861 580 2901 intra
588 2864 627 2901 tua
637 2871 717 2912 pascua
726 2860 807 2901 lassos!

282 2926 314 2966 Te
323 2925 441 2966 Trifolinus
450 2938 501 2978 ager
510 2925 610 2967 fecundis
619 2927 700 2968 vitibus
707 2928 792 2980 implet,

283 2992 456 3044 Suspectumque
463 2994 543 3045 jugum
553 2993 638 3047 Cumis,
649 2997 670 3034 et
682 2994 769 3035 Gaurus
778 2995 856 3036 inanis.

285 3058 343 3098 Nam
354 3060 404 3109 quis
411 3058 474 3110 plura
482 3059 532 3101 linit
542 3061 627 3101 victuro
637 3059 696 3100 dolia
705 3062 790 3102 musto'l

283 3123 394 3171 Quantum
405 3130 452 3166 erat
462 3127 564 3167 exhausti
571 3128 658 3168 lumbos
668 3127 748 3169 donare
759 3128 845 3168 clientis

230 3188 259 3230 60
286 3189 402 3241 Jugeribus
408 3193 498 3244 paucist
508 3193 614 3234 meliusne
624 3192 659 3235 hia
672 3195 766 3237 rusticus
774 3194 844 3236 iulans
