2284 3650
414 158 532 212 ssrme
546 162 613 214 xrv.
898 166 945 218 513

17 312 21 319 .
86 262 253 342 d'injnstice
265 281 302 321 eu
322 258 541 340 dingratitude.
555 263 599 320 Un
617 261 655 321 tei
674 280 807 323 mercetur
819 263 854 323 de
866 271 946 326 terre

17 364 18 369 ’
86 356 259 417 nnnrrissait
272 356 299 415 ie
314 358 392 436 pere,
404 377 462 415 une
476 360 583 436 epnnse
598 356 729 416 enceinte
740 365 768 418 et
777 366 879 439 quatre
891 376 944 419 en-

86 452 163 510 sants
172 449 223 530 qui
234 449 365 531 jmraient
377 453 394 509 d
405 450 541 523 lentem,
552 451 614 509 i'nn
626 455 662 510 ne
672 450 761 512 d'nne
774 453 946 525 esclave,'1es

87 545 157 605 treis
176 552 273 604 autres
289 543 324 604 de
345 545 373 603 iu
393 548 540 604 meitrcsse
554 546 628 622 (si).
644 546 726 605 1)(1111
740 546 780 606 ies'
797 549 887 619 sines
906 566 944 608 nu

17 686 18 691 ,
85 646 188 698 retour
202 637 237 697 de
260 639 288 697 ie
299 637 385 716 vigne
411 659 448 696 en
472 637 522 697 des
548 638 678 719 chumpS‚
698 660 739 699 un
761 641 826 720 pins
849 642 946 720 ample

17 782 18 793 ,
85 751 169 813 repas
198 733 233 792 de
257 732 354 791 henne
383 731 503 791 hnuiiiie
530 726 635 792 sumsit
664 733 735 793 dens
762 733 797 794 de
823 732 946 814 grandes

86 825 267 886 chnndieres.
285 824 427 886 Ces¹deux
442 834 558 906 arpents
573 847 610 886 ne
623 826 746 887 fernient
760 846 809 907 pus
826 825 946 906 aujour-

88 918 173 979 d'hni
188 940 228 978 un
239 919 349 998 jandin.
364 921 406 979 De
418 920 446 979 ia
462 941 585 1001 presque
598 928 661 980 tons
673 921 713 981 les
721 921 836 994 crimes,
852 920 945 983 carde

89 1021 184 1074 tontes
197 1015 237 1074 les
251 1014 379 1094 passinus
398 1014 553 1075 humaines
571 1035 685 1076 aucune
705 1036 744 1075 ne
759 1015 865 1076 distiiie
879 1017 945 1096 pius

89 1106 124 1168 de
138 1106 263 1188 poiseus,
279 1106 420 1186 n'aignise
431 1109 496 1187 pius
507 1108 542 1168 de
556 1108 712 1190 peignnrds
722 1129 779 1190 qne
790 1109 880 1191 l'tpre
890 1130 944 1170 cu-

88 1200 179 1280 pidite'
200 1201 272 1262 dun
295 1202 436 1262 immense
456 1223 563 1263 revenu
585 1205 659 1283 (11).
691 1206 730 1263 Le
756 1203 832 1264 desir
853 1204 944 1265 d'etre

87 1293 167 1355 riche
182 1317 219 1357 ne
233 1297 341 1357 seuffre
358 1295 441 1376 pniui
453 1296 488 1356 de
508 1296 594 1358 de'iai.
617 1297 824 1379 L’impatience
841 1297 876 1357 de
888 1297 944 1357 ra-

87 1408 154 1450 vnre
167 1391 355 1450 conenit-siin
374 1390 403 1448 ia
422 1390 543 1464 crainte,
563 1392 592 1450 ia
610 1393 726 1471 pudeur
738 1413 776 1451 on
792 1391 818 1451 ie
834 1400 946 1471 respect

88 1481 219 1541 desinis?

129 1575 153 1635 0
176 1595 239 1634 mes
259 1575 383 1643 enitente,
406 1573 491 1633 discit
515 1575 654 1634 autrefois
676 1577 827 1647 letiense,
853 1574 948 1634 11161·-

89 1667 188 1748 nique,
201 1688 238 1728 nn
247 1667 373 1748 quelque
383 1667 513 1727 rieiilard
524 1668 563 1727 dn
572 1668 673 1728 Vestin
683 1670 757 1747 (23),
769 1668 868 1727 sacher
876 1688 948 1728 vnus

88 1770 238 1824 cententer
256 1761 291 1821 de
309 1781 354 1820 ces
374 1761 511 1834 misceres,
539 1761 575 1821 de
596 1782 641 1821 ces
660 1769 790 1821 cnteaux.
818 1762 945 1820 Demen-

88 1857 188 1917 donsd
206 1857 233 1916 ia
246 1858 370 1917 churrue
385 1856 411 1916 le
428 1856 496 1937 pain
512 1857 563 1938 qui
578 1857 656 1916 suffit
676 1855 693 1918 d
714 1877 765 1917 nns
781 1855 881 1938 tahies.
906 1859 946 1936 Le
1012 1891 1014 1896 ·

88 1952 212 2013 rhnrrue
228 1952 299 2033 picit
320 1972 379 2011 nux
394 1951 480 2011 dienx
501 1952 695 2032 ehumpdtrm,
712 1950 783 2011 dent
805 1950 833 2009 ia
858 1949 946 2010 berete

195 2183 282 2222 Patrem
294 2182 374 2233 ipsum,
384 2181 512 2231 turbamque
523 2192 579 2219 casse
588 2191 632 2231 qua
645 2178 697 2219 ioeta
706 2178 796 2231 jacebat
844 2221 847 2226 Α

195 2250 264 2299 Uxor,
275 2253 297 2289 et
305 2248 396 2288 infantes
405 2248 510 2288 indebant
521 2251 631 2298 quattuor,
646 2259 701 2287 unns

193 2315 297 2363 Vernnia,
311 2320 354 2354 tres
363 2313 457 2363 dnmini;
468 2313 505 2353 sed
517 2314 601 2364 magnis
609 2312 712 2353 iratribus
720 2313 798 2353 horum

129 2386 167 2424 170
195 2386 214 2424 Α
226 2386 300 2424 scrobe
309 2384 342 2423 rel
353 2384 411 2423 sulco
421 2384 568 2430 sementibus,
581 2383 649 2423 nitera
661 2394 722 2423 coena

194 2452 301 2504 Amplior,
314 2455 336 2491 et
345 2451 436 2502 grandes
445 2451 557 2491 fumabant
568 2452 666 2504 pultibus
675 2451 732 2490 ellae.

195 2517 259 2558 Nunc
271 2518 348 2558 modus
358 2519 392 2557 hic
405 2519 449 2567 ag'ri
460 2523 532 2558 nostre
543 2529 584 2557 non
594 2517 754 2558 sufficithorto.

194 2584 248 2624 Inde
260 2585 303 2624 iere
313 2586 417 2624 scelerum
427 2596 515 2634 caussae,
528 2597 566 2624 nec
579 2586 641 2637 plura
651 2594 733 2622 venena

195 2651 293 2701 Miscuit,
305 2659 342 2691 aut
352 2651 408 2691 ferro
416 2659 527 2702 grassatur
536 2654 614 2703 saepius
625 2650 698 2690 uiinm'

129 2722 167 2761 175
195 2719 301 2759 Humane
312 2721 390 2760 mentis
401 2720 486 2767 vitium,
497 2730 562 2769 quam
574 2729 631 2757 saeva
641 2715 721 2769 cupide

194 2787 309 2826 Immodici
319 2799 402 2827 census.
413 2786 472 2826 Nam
482 2786 542 2826 dives
550 2786 587 2836 qui
598 2784 643 2824 fieri
655 2783 711 2831 ruit,

194 2855 224 2895 Et
232 2856 277 2894 cito
287 2854 333 2895 vult
342 2854 395 2895 fieri.
408 2853 450 2894 Sed
460 2866 508 2905 quae
520 2852 641 2893 reverentia
651 2852 731 2901 legum,

196 2919 250 2970 Quis
258 2930 335 2970 metus,
348 2927 385 2962 aut
394 2922 464 2974 pudor
474 2925 506 2961 est
518 2932 614 2972 unquam
624 2918 758 2972 properantis
769 2918 842 2957 ararit

221 2986 296 3027 Viuite
307 2985 400 3029 contenti
411 2988 490 3028 casulis
501 2992 522 3028 ct
534 2978 627 3027 ceilibn's
639 2987 693 3035 istis,

129 3056 167 3096 180
194 3053 213 3094 Ο
225 3055 297 3107 pueri!
309 3053 398 3094 Marsus
409 3054 503 3105 dicebat,
513 3058 536 3095 et
547 3054 655 3094 Hernicus
667 3052 718 3094 olim

194 3121 340 3173 Vestinusque
352 3133 433 3162 senex:
444 3134 522 3175 panem
532 3133 653 3174 quaeremus
663 3126 734 3162 aratro
804 3113 807 3118 ⁸

193 3188 237 3238 Qui
249 3191 300 3231 satis
311 3194 343 3232 est
354 3192 440 3233 mensis.
452 3190 551 3232 Laudant
559 3190 601 3231 hoc
613 3190 701 3230 numina
712 3189 774 3238 ruris,
807 3193 811 3198 '
