2284 3650
174 174 225 227 ror
519 176 688 241 srnnnr,

170 277 318 356 poursuit
328 292 366 336 en
379 272 446 337 vein
460 276 531 338 rebe
548 276 584 337 de
598 276 724 337 derunt:
739 276 870 337 atteehe'e
883 295 922 336 au
934 278 1041 341 meme

162 373 258 444 ebur,
274 370 329 431 elle
339 370 422 431 roule
434 372 500 450 pres
512 369 548 431 de
559 371 677 443 l'autre,
692 378 767 430 etue
780 367 905 430 l'etteint
912 369 1038 450 jameis.

217 465 241 524 ll
259 465 322 525 faut
337 466 398 524 etre
413 463 499 524 libre.
520 465 554 525 Je
568 484 606 526 ue
621 464 700 544 purle
715 482 766 543 pas
777 461 815 523 de
833 469 908 523 cette
926 461 1042 549 liberte'

173 578 227 638 per
244 558 369 638 laquelle
388 558 415 619 le
434 556 562 639 premier
581 559 691 620 esclave
708 556 827 618 devient
844 577 887 616 uu
907 554 1041 616 Publius
1128 562 1129 619 ἔ

171 651 245 711 dens
263 652 291 712 lu
303 651 382 712 tribu
392 651 505 727 Veline,
518 660 548 713 et
560 652 663 727 recoit,
682 658 861 732 moyennaut
877 671 936 710 une
954 671 1042 710 mer·
1128 678 1129 729 3

174 764 244 826 que,
260 766 292 815 su
305 754 370 826 pert
380 745 416 807 de
430 746 477 806 bld
491 749 567 825 gete.
584 745 728 827 Opeuple
742 745 806 818 fou,
820 744 890 804 chen
904 743 956 824 qui
973 764 1039 805 une
1129 808 1130 811 ,

174 838 382 918 pirouettefuit
392 859 434 898 un
447 839 561 919 eitoyen
569 842 632 917 (ll)
641 841 649 897 i
658 840 753 919 Vopez
764 840 927 909 Dama,»ce
936 836 976 896 vil
984 857 1041 917 pa-

173 930 1040 1013 lesrenier,cesripon,eevaurien,pretbmentirpourune

175 1022 298 1104 puigne'e
318 1024 471 1084 d'aroine:
489 1025 526 1085 eh
547 1023 632 1086 birni
647 1045 705 1105 que
720 1045 771 1084 son
785 1025 889 1083 meitre
911 1022 938 1083 le
957 1023 1039 1084 fasse
1130 1010 1131 1023 ¹

174 1124 296 1177 tourner
309 1138 360 1178 sur
373 1138 418 1178 ses
435 1120 539 1193 talous,
555 1119 582 1179 le
598 1118 674 1179 vuilit
688 1117 942 1199 metamorphose;
962 1118 1038 1177 c'est

171 1209 190 1269 b
202 1213 318 1289 present
332 1213 446 1272 Murcus
462 1214 556 1274 Deme
569 1215 644 1291 (ir).
664 1215 762 1273 Peste!
784 1219 813 1272 et
832 1232 904 1272 rous
917 1211 1037 1272 resusc-

171 1301 233 1363 riez
244 1302 280 1364 de
292 1309 389 1385 preter
402 1313 483 1367 voire
493 1315 672 1386 urgentsous
682 1305 836 1368 lucentiori
850 1305 886 1366 de
899 1307 1039 1365 Marcus?

173 1396 212 1455 Et
224 1417 297 1457 rous
308 1397 427 1478 pbliriez
441 1398 465 1458 si
476 1420 548 1459 vous
560 1406 642 1461 ariez
653 1421 729 1481 pour
737 1399 808 1479 juge
816 1400 948 1459 Marsus?
957 1398 1040 1456 Mar-

173 1507 224 1548 cus
237 1508 257 1549 u
269 1489 312 1549 dit
330 1491 397 1551 telle
411 1491 509 1565 chose,
524 1491 598 1553 dunc
612 1493 667 1554 elle
686 1500 729 1553 est
741 1491 839 1563 vreie3
856 1492 982 1563 Marcus,
1001 1498 1038 1550 tu

174 1602 252 1662 peut
266 1582 363 1663 signer
379 1606 422 1645 un
437 1593 602 1647 testament.
618 1619 660 1634 -
672 1586 755 1648 Voilb
774 1586 804 1645 le
819 1584 898 1645 rruie
912 1584 1038 1657 liberte',

171 1677 244 1738 celle
254 1678 350 1757 qu'un
361 1678 492 1760 chapeau
507 1700 581 1740 nous
592 1680 687 1741 donne
698 1682 773 1758 (15).
784 1680 809 1737 Y
820 1677 905 1738 a-t-il
916 1677 1041 1738 d'autrc

174 1766 295 1833 homme
307 1772 382 1835 libre
398 1794 454 1855 que
466 1774 542 1836 celui
557 1773 609 1855 qui
623 1773 665 1835 rit
677 1794 790 1836 comme
802 1773 823 1833 il
835 1774 922 1835 veut?
937 1772 991 1846 Or,
1002 1772 1038 1851 je

174 1864 218 1924 vis
240 1886 353 1928 comme
372 1868 402 1947 Je
421 1889 512 1938 veux;
532 1890 569 1929 ue
588 1867 700 1948 suis-je
721 1887 772 1949 pas
792 1869 858 1948 plus
878 1866 952 1926 libre
973 1886 1039 1945 que

177 1959 286 2021 Brutus
311 1963 534 2023 memet-Tu
551 1964 667 2023 conclus
691 1961 768 2036 mul,
790 1960 901 2041 repond
924 1958 961 2019 ici
992 1980 1039 2019 un

228 2189 256 2227 70
281 2187 341 2228 Nam
351 2189 451 2238 quamvis
461 2201 528 2243 prope
539 2194 569 2240 te,
580 2191 680 2242 quamvls
689 2194 775 2231 temone
782 2191 822 2230 sub
834 2200 886 2236 uno,

282 2255 411 2296 vertentem
421 2267 467 2297 sese
477 2256 558 2297 trustra
567 2259 679 2298 sectabere
690 2257 801 2305 canthum,

282 2320 356 2369 Quum
365 2328 413 2363 rota
421 2325 527 2376 posterior
537 2335 619 2373 curras,
631 2328 653 2365 et
663 2325 686 2365 in
695 2336 736 2364 axe
744 2324 846 2364 secundo.

283 2388 394 2431 Libertate
405 2401 460 2443 opus
469 2394 510 2439 est,
519 2401 562 2430 non
570 2391 613 2430 bac
622 2403 673 2442 qua,
685 2395 710 2431 ut
721 2391 813 2442 quisque
823 2390 902 2430 Velina

281 2455 374 2497 Publius
384 2458 483 2506 emeruit,
493 2458 616 2498 scabiosum
626 2458 731 2499 tesserula
740 2456 773 2497 lar

230 2522 257 2563 75
284 2522 394 2565 Possidet.
404 2524 455 2564 Heu
463 2523 548 2564 steriles
557 2525 612 2572 veri,
620 2525 700 2575 quibus
710 2535 753 2564 una
761 2522 870 2571 Quiritem

281 2589 373 2642 Vertigo
383 2590 447 2632 iecit!
460 2591 504 2631 Hie
516 2591 587 2632 Dama
595 2596 629 2631 est
637 2603 681 2631 non
691 2592 765 2632 tressis
775 2601 847 2641 agaso,

283 2657 369 2711 Vapps,
380 2662 402 2698 et
412 2658 493 2710 lippus,
503 2663 526 2699 et
535 2659 557 2697 in
566 2660 627 2698 tenui
639 2657 745 2708 farragine
756 2656 858 2697 mendax.

283 2723 380 2765 Verterit
388 2724 445 2765 hunc
454 2724 561 2773 dominus,
571 2729 681 2765 momento
689 2725 781 2764 turbinis
788 2724 835 2763 exit

285 2789 375 2831 Marcus
384 2791 462 2833 Dama.
471 2791 549 2844 Paper!
558 2791 637 2831 Marco
645 2790 771 2843 spondente,
782 2800 869 2830 recusas

229 2856 258 2897 80
284 2856 378 2897 Credere
387 2861 412 2898 tu
420 2859 532 2899 nummosi
544 2857 620 2897 Marco
632 2856 753 2909 subjudice
762 2856 841 2910 palles!

285 2922 375 2966 Marcus
383 2923 440 2964 dixit
451 2937 457 2965 :
471 2925 503 2965 its
512 2928 553 2965 est.
562 2924 668 2974 Adsiguc,
680 2923 765 2973 Marce,
776 2922 876 2963 tabellas.
886 2941 916 2954 -

283 2989 337 3029 Hoec
348 3000 407 3029 mere
414 2989 515 3038 libertas;
526 2991 581 3029 hanc
591 2990 652 3029 nobis
663 2989 720 3041 pilea
728 2988 817 3029 donant.

283 3055 320 3093 An
328 3055 444 3106 quisquam
453 3060 487 3095 est
497 3056 553 3110 eiius
562 3056 624 3104 liber,
634 3056 675 3095 nisi
685 3054 764 3095 ducere
773 3056 840 3094 vitam

284 3120 327 3162 Cni
335 3120 387 3162 lieet
394 3125 419 3162 ut
429 3122 510 3163 voluitt
520 3121 581 3162 Licet
591 3125 616 3162 ut
624 3122 673 3161 volo
682 3122 754 3161 virere
763 3134 769 3160 :
778 3131 820 3160 non
829 3120 871 3162 sim

228 3186 259 3227 85
284 3184 381 3238 Liberior
390 3187 471 3228 Brutot
479 3208 506 3219 -
517 3187 631 3237 Meudose,
642 3186 733 3239 colligis,
744 3186 815 3239 inquit
