2284 3650
520 103 637 152 sumtu
654 106 705 153 ΧΥ.
995 110 1043 158 δῖδ

183 219 298 260 comme
312 200 339 258 ln
353 200 473 261 lamine.
497 204 535 261 La
555 211 673 275 nature,
688 223 725 262 en
746 225 821 265 nous
842 205 972 266 donnant
992 206 1043 267 des
1129 254 1130 261 ,

183 294 301 366 lnrmes,
311 295 457 374 temnigne
469 316 546 356 assez
557 297 665 376 qu'elle
677 317 751 357 uuus
765 298 870 358 adnue
881 300 954 360 d'un
961 321 1043 362 eoeur
1129 352 1130 371 ,

183 387 389 467 competissent
403 391 484 467 (26);
500 390 643 450 etc'estle
653 391 802 470 plusbeuu
812 393 1044 474 prdseutqu'elle
1129 380 1130 393 ἵ

184 480 327 542 uitlaituu
334 483 657 562 genrehnmain.dussi
664 485 802 545 veut-elle
811 507 870 565 que
877 506 952 547 nnus
961 488 1045 568 pleu-

183 574 262 636 riens
277 596 326 635 sur
338 577 365 636 le
381 585 441 636 sort
453 577 526 637 d'un
547 576 608 636 nrni
620 577 719 638 reduit
735 581 753 638 i
769 579 880 658 pleider
893 600 926 641 su
937 600 1044 661 propre

184 688 269 729 cause
285 690 353 729 sous
368 674 566 732 nn-rdtement
580 674 727 733 conforme
745 675 764 732 d
779 694 811 733 sa
828 674 954 735 detresse
965 677 1042 754 (ΞΤ),

184 783 236 823 sur
251 764 327 823 celui
347 764 421 824 d'un
442 766 553 846 pupille
569 766 715 826 cuntrnint
729 766 765 826 de
779 766 852 827 citer
865 788 923 829 aux
941 768 1045 829 trihu·
1128 754 1130 769 Α

185 876 263 915 nnux
274 877 324 916 sun
333 857 444 936 perfide
455 866 569 919 tuteur:
584 878 693 938 puuvre
706 861 807 920 enlnnt
823 860 895 921 dont
908 862 950 921 les
960 861 1045 941 joues

187 949 340 1028 virginales
350 955 477 1012 arrnsdes
485 952 521 1011 de
532 952 650 1026 lurmee,
660 952 830 1032 ombrnge'es
837 953 874 1014 de
882 953 963 1034 longs
972 954 1045 1015 che·

188 1063 278 1115 veux,
294 1044 358 1103 lunt
375 1044 478 1104 deuter
491 1046 559 1124 quel
579 1054 621 1104 est
640 1066 691 1105 son
710 1066 788 1106 sere.
807 1047 885 1107 C'est
898 1047 926 1106 ln
938 1055 1046 1109 nature
1110 1090 1123 1107 .

187 1135 363 1216 imperieuse
380 1138 432 1217 qui
448 1159 523 1198 nous
540 1140 618 1200 forse
635 1139 671 1199 de
692 1139 787 1219 gemin
800 1161 858 1200 eur
875 1140 1045 1204 lundrailles

183 1229 272 1289 d’une
284 1230 381 1310 vierge
395 1232 509 1304 nubile,
522 1253 561 1292 ou
575 1232 675 1314 quand
689 1233 716 1293 ln
728 1242 805 1294 terre
819 1235 909 1309 reeoit
923 1236 950 1295 le
961 1255 1045 1316 enrps

182 1322 255 1382 d‘nn
269 1325 370 1384 enlunt
381 1333 445 1405 trop
458 1326 532 1405 petit
546 1347 622 1406 pour
637 1328 664 1386 le
678 1327 790 1388 bricher
802 1330 879 1407 (28).
896 1328 987 1388 Est-il
1002 1348 1044 1387 un

183 1414 302 1477 homme
323 1417 359 1478 de
378 1417 459 1490 hieu,
480 1425 510 1477 et
528 1417 627 1496 digne,
643 1439 682 1477 an
694 1419 850 1498 jugement
868 1419 904 1479 de
924 1421 954 1479 lu
972 1423 1046 1500 prd-

188 1516 275 1571 tresse
289 1502 325 1571 de
340 1512 438 1584 Ceres,
451 1512 486 1572 de
498 1519 596 1591 purter
611 1512 640 1570 le
654 1512 753 1572 tnrehe
770 1513 897 1593 pendunt
911 1514 952 1573 les
965 1533 1046 1593 mys-

189 1605 264 1662 teres
279 1603 316 1664 de
328 1605 356 1664 la
368 1604 465 1664 deesse
476 1606 551 1682 (29),
566 1603 620 1683 qui
630 1602 727 1683 puisse
740 1625 771 1664 se
782 1604 922 1684 regurder
930 1625 1046 1665 comme

189 1698 325 1776 dtrnnger
337 1718 395 1757 aur
412 1719 499 1757 maur
512 1697 548 1756 de
569 1718 613 1756 ses
625 1697 818 1758 sernhlnliles‘.l
828 1699 854 1758 0
865 1698 938 1778 pitid
949 1707 1045 1760 uatu-

189 1790 271 1851 relle!
281 1798 312 1850 tu
324 1812 398 1851 nous
408 1791 571 1872 distingues
581 1790 632 1852 des
642 1790 780 1852 animuur
788 1791 929 1873 stupidus,
938 1793 1047 1855 ete'est

189 1903 264 1962 pour
290 1885 371 1945 obdir
394 1888 461 1946 dtu
478 1886 543 1946 voix
565 1907 624 1967 qne
645 1906 718 1945 nous
738 1887 816 1947 seuls
843 1889 975 1961 reprimes
995 1887 1046 1949 des

189 1979 307 2041 celestes
323 1980 477 2043 demeures
497 2003 540 2041 nn
561 1982 651 2062 esprit
674 1982 793 2062 capable
812 1981 849 2042 de
868 2002 1046 2045 enmmercer

298 2179 327 2218 Et
337 2178 419 2217 similes
430 2181 463 2218 ira
473 2183 539 2231 etque
550 2178 627 2219 [ames.
640 2178 770 2219 Molliseimr
781 2177 849 2219 eorde

298 2245 400 2285 Humano
410 2247 483 2295 generi
493 2246 547 2286 dare
556 2258 580 2286 ee
590 2251 670 2287 nature
677 2246 766 2296 latetur,

296 2311 351 2359 Quae
361 2312 468 2362 lacrymas
477 2312 554 2353 dedit:
565 2313 612 2353 hee
623 2315 691 2354 nostri
704 2324 755 2366 pars
764 2313 848 2365 optima
855 2322 939 2353 unm.

298 2378 387 2418 Plorare
397 2389 449 2429 ergo
456 2379 522 2431 jubet
533 2391 623 2420 cansam
631 2378 724 2421 (liuentis
734 2380 801 2424 :miei
1002 2381 1009 2390 '

232 2443 272 2485 135
297 2443 468 2496 Squaloremque
476 2446 516 2493 rei,
525 2446 633 2498 pupillum
642 2446 670 2486 ed
676 2447 728 2499 jura
738 2450 852 2487 vocantem

297 2512 521 2565 circumscriptorem,
533 2515 597 2563 enjus
606 2516 716 2553 manentia
726 2513 780 2554 fletu

297 2577 341 2617 Ora
350 2577 456 2629 puellares
465 2577 548 2617 laniunt
558 2579 642 2620 incerta
651 2579 732 2631 uepilli.

259 2673 265 2684 .
298 2646 389 2687 Naturae
397 2646 490 2697 irnperio
499 2645 615 2695 gemimus,
624 2657 693 2698 quum
703 2646 769 2687 funus
778 2646 860 2688 adulte

298 2713 396 2764 Virginis
402 2714 506 2761 occurrit,
518 2712 553 2752 vel
563 2717 622 2753 terra
631 2712 740 2753 clauditur
749 2713 820 2754 iulans

234 2782 273 2822 140
300 2783 330 2823 Et
339 2785 409 2824 minor
415 2784 470 2833 igne
480 2783 535 2833 rugi.
546 2780 602 2829 Quis
610 2782 755 2831 erimbertus,
763 2788 787 2824 et
796 2782 844 2823 lace
853 2782 932 2834 dignun

298 2850 394 2898 Arcana,
406 2850 493 2900 qualem
500 2848 590 2900 ,centis
598 2848 646 2888 vult
655 2859 702 2888 esse
711 2846 820 2901 sacerdus,

300 2916 352 2957 Ulla
361 2917 431 2956 aliene
440 2916 483 2956 sibi
492 2914 568 2956 credet
579 2914 649 2955 malr!
659 2913 751 2967 Separat
761 2915 803 2954 hee
813 2924 853 2955 noe

301 2983 322 3022 A
331 2994 397 3034 grege
406 2989 516 3029 mutorum
525 2995 531 3022 :
541 2985 609 3033 atque
616 2980 666 3021 ideo
675 2980 797 3021 renerebile
807 2980 848 3021 reli

299 3048 375 3090 Sortiti
385 3052 505 3102 ingenium,
515 3048 682 3101 divinorumque
693 3060 792 3101 capaces,

236 3117 275 3157 1⁴5
301 3118 376 3169 Atque
387 3118 513 3158 exercendis
523 3116 678 3171 erpieudisque
688 3116 773 3158 ertibnr
784 3116 832 3170 apti
