2284 3650
200 2 241 46 sa

201 85 355 170 parricidas
376 86 459 163 (asti
481 86 519 143 Le
538 84 584 143 fiis
603 82 848 160 d‘dgamemnon,
870 100 994 143 comme
1015 81 1069 158 ini,

201 193 252 242 tua
265 201 297 241 sa
311 183 411 240 mere:
432 178 529 258 quelle
550 176 725 236 difference!
753 177 806 234 Les
826 175 913 234 dieux
932 175 962 236 ie
981 198 1073 257 pous-

199 277 319 338 seientia
332 294 440 353 renger
452 293 503 333 son
518 274 599 352 pere,
612 273 716 349 egorge'
729 269 800 330 dans
812 290 853 329 un
867 270 978 342 festin3
997 272 1070 332 mais

199 372 219 431 ii
235 391 273 432 ne
287 389 369 431 versa
380 369 411 427 ni
426 367 452 429 ie
466 386 537 445 sang
551 355 697 425 d'Electre
712 363 742 424 ni
760 364 835 424 celui
853 364 1065 440 d'Hermione‚

200 464 420 546 n'empoisonna
429 481 526 522 aucun
537 460 573 520 de
588 479 632 519 ses
643 466 759 538 parents
772 480 779 519 :
791 460 894 519 Oreste
904 479 944 518 ne
960 460 1067 521 chanta

198 559 303 640 jamais
324 579 374 619 sur
399 577 440 617 un
462 556 595 624 theatre3
620 553 642 611 il
661 573 698 612 ne
714 553 748 611 fit
770 552 853 633 point
872 552 910 613 de
929 574 1001 614 vers
1021 576 1066 616 sur
1127 549 1128 568 ¹

199 653 436 715 l'embrasement
453 649 490 709 de
509 648 593 709 Troie
614 649 689 724 (59).
710 646 875 726 Virginius,
896 646 1018 710 Vindex
1041 658 1066 711 et

201 748 291 809 tialba
305 744 515 828 pamniam-ils
531 742 595 802 rien
610 762 716 821 renger
729 742 766 802 de
780 742 846 822 pius
857 740 971 802 odiens
987 745 1065 822 (toti
1127 737 1128 752 ¹

120 859 127 868 '
201 842 335 915 Qu‘a-t-it
348 840 400 900 fait
410 859 442 899 oe
455 840 553 898 Ne'ron
562 835 691 916 pendant
700 856 731 895 sa
741 835 899 895 detestabie
914 837 1065 915 tyrannici

205 936 283 997 Voici
295 936 336 995 les
345 934 449 994 taleriis
459 933 533 992 dece
542 930 653 1012 prinae,
666 930 723 990 issu
733 930 770 989 de
778 937 840 989 tant
849 930 973 991 d‘aieux
986 935 1063 1012 tiit:
1127 929 1128 934 '

202 1032 222 1089 ii
237 1028 360 1099 danseri,
377 1027 397 1086 ii
413 1026 542 1087 chantait
554 1046 605 1084 sur
619 1026 660 1084 les
679 1025 805 1085 the‘aitres
819 1029 988 1104 strangu-s,
1004 1035 1033 1089 et
1044 1029 1067 1087 la

202 1126 293 1183 tirece
303 1123 328 1182 le
342 1121 384 1180 vit
396 1121 527 1201 disputer
541 1140 584 1179 ses
599 1119 698 1179 futiles
711 1139 873 1179 couronnes
885 1121 967 1198 (άῖ).
980 1122 1068 1184 Cours

202 1218 320 1277 de'mrer
338 1216 378 1276 les
401 1214 509 1294 images
523 1214 559 1274 de
581 1221 622 1274 tes
644 1215 726 1293 peres
750 1213 800 1273 des
821 1213 961 1293 trophees
988 1216 1026 1278 de
1044 1224 1070 1277 ta

204 1312 286 1381 roim
300 1329 384 1370 cours
394 1309 514 1389 deposer
524 1328 581 1367 aux
591 1307 672 1388 pieds
683 1307 718 1368 de
731 1307 875 1367 Domitius
883 1310 949 1386 (Ᾱό)
963 1310 994 1369 la
1006 1311 1071 1372 robe

203 1407 348 1464 trainante
363 1411 392 1463 et
411 1404 438 1463 le
452 1422 572 1482 masque
592 1401 629 1461 de
649 1401 772 1481 Thyeste
787 1403 862 1479 (dd),
878 1401 1069 1484 d'Antigone,

205 1519 243 1558 on
258 1497 294 1558 de
309 1497 556 1577 Metanipipe(i5)‚
567 1504 596 1555 et
608 1495 748 1575 suspends
762 1502 792 1554 ta
805 1495 896 1576 harpe
906 1515 947 1558 au
965 1500 1070 1559 colore

207 1593 368 1672 d'duguste
379 1592 455 1669 (aa).

247 1687 404 1766 Cethegus
424 1692 453 1745 et
477 1684 528 1758 toi,
549 1684 684 1758 Catilina,
701 1684 797 1764 quelle
819 1685 985 1746 extraction
1008 1687 1070 1767 pius

245 1942 286 1982 215
314 1941 357 1982 Par
364 1940 557 1993 Agamemnonidae
567 1942 649 1982 crimen
658 1955 664 1992 ;
676 1941 714 1982 sed
725 1952 803 1982 caussa
813 1940 867 1983 iacit
876 1954 923 1984 rem

312 1993 461 2048 Dissimilem:
472 2009 553 2060 quippe
565 2008 601 2047 ille
613 2007 660 2048 deis
669 2009 801 2058 auctoribus,
811 2009 870 2048 ultor

316 2075 388 2115 Patris
400 2080 447 2116 erat
459 2077 507 2115 caesi
520 2077 593 2117 media
604 2078 660 2116 inter
671 2077 749 2128 pocula
756 2090 763 2126 3
776 2076 814 2116 sed
823 2087 861 2118 nec

313 2143 406 2183 Electrae
413 2144 494 2194 Jugulo
504 2156 526 2184 se
537 2145 623 2196 polluit,
635 2147 673 2184 aut
685 2145 781 2197 spartani

311 2206 419 2259 Sanguine
431 2210 540 2261 conjugii;
552 2211 618 2250 nullis
628 2211 714 2251 aconita
722 2211 848 2263 propinquis

245 2277 285 2317 220
312 2274 404 2317 Miscuit
412 2290 419 2327 ;
430 2277 452 2315 in
463 2288 528 2318 scena
537 2289 649 2330 nunquam
659 2279 754 2319 cantavit
764 2277 851 2319 Orestas
857 2291 863 2328 ;

310 2343 389 2384 Troica
397 2354 439 2384 non
453 2345 547 2397 scripsit.
558 2345 618 2394 Quid
627 2348 684 2386 enim
694 2346 805 2397 Virginius
815 2347 882 2387 armis

313 2409 396 2450 Debuit
405 2411 481 2450 ulcisci
493 2413 569 2461 magis,
583 2417 621 2453 ant
630 2424 681 2453 cum
692 2412 784 2454 Vindice
794 2413 880 2455 Galba!

312 2476 370 2528 Quid
382 2477 441 2518 Nero
451 2480 497 2517 tam
507 2488 564 2518 saera
574 2478 686 2530 crudaque
694 2479 809 2530 tyrannide
819 2477 883 2520 tecit!

311 2545 365 2586 Haec
374 2556 439 2599 opera
451 2549 517 2596 atque
528 2545 562 2586 hae
573 2550 623 2587 sunt
634 2548 731 2598 generosi
741 2549 844 2601 principis
854 2550 919 2598 artes,

244 2611 284 2654 225
312 2612 434 2654 Gaudentis
443 2612 502 2653 foedo
513 2613 626 2666 peregrina
636 2613 664 2653 ad
675 2613 761 2666 pulpita
769 2618 834 2655 cantu

310 2678 423 2730 Prostitui‚
434 2679 551 2732 Grajaeque
563 2680 638 2732 apium
650 2681 754 2720 meruisse
764 2691 855 2722 coronae.

308 2745 419 2798 Majorum
428 2746 512 2800 effigies
523 2746 619 2788 habeant
631 2748 724 2799 insignia
734 2748 808 2789 vocis:

309 2811 368 2851 Ante
378 2813 444 2865 pedes
456 2813 539 2854 Domiti
548 2813 637 2864 longum
648 2817 674 2854 tn
681 2825 735 2866 pone
744 2814 847 2866 Thyestae

307 2875 385 2928 Syrma
394 2878 429 2918 vel
440 2879 563 2931 Antigonae,
574 2890 613 2919 seu
623 2891 736 2932 personam
747 2879 891 2933 Melanippes,

242 2943 283 2984 230
311 2942 341 2984 Et
351 2943 379 2983 de
388 2956 508 2986 marmoreo
518 2946 625 2987 citharam
636 2946 743 2999 suspende
752 2948 844 2987 colosso.

333 3009 400 3059 Quid,
411 3010 514 3063 Catilina,
525 3014 569 3054 tuis
579 3014 699 3064 natalibus,
713 3018 780 3066 atque
791 3013 883 3067 Cethegi
