2284 3650
187 177 237 224 ‘23⁴2
530 173 648 223 simii
663 174 707 222 iv.

187 275 232 333 lie
248 283 311 333 tous
325 274 364 334 les
379 273 552 351 magistrats,
566 293 598 333 oe
607 274 654 332 fut
666 273 693 332 le
708 273 773 353 plus
786 272 924 342 honnbte
939 272 966 332 le
978 273 1046 353 plus

182 366 312 446 integre,
329 366 471 447 quoiqn'il
485 370 550 426 crdi
564 365 734 439 necessaire‚
754 366 825 425 dans
838 386 884 427 ces
896 366 979 445 jours
993 365 1046 426 dd-

183 463 328 531 sesireux,
344 461 436 520 d'bier
456 463 472 519 i
489 460 609 520 Themis
625 481 676 520 son
698 460 790 539 glaive
813 468 841 520 et
863 480 893 520 sn
914 460 1045 522 balance.

184 545 290 615 'nr-rive
315 556 428 614 ensuite
453 554 583 634 Crispus,
601 562 645 614 cet
670 553 795 614 aimohle
821 553 952 614 vieillard
969 556 1046 632 (19),

184 645 258 707 dont
267 649 308 708 les
319 668 430 708 moeurs
442 655 470 707 et
484 648 662 727 l'e'loquence
675 646 850 728 respirnient
863 648 891 707 lo
904 647 1045 708 doneeur.

183 739 246 814 Qui
259 741 378 822 pouroit
392 741 491 801 miens
508 741 659 801 conseiller
671 763 713 800 un
728 745 832 801 maitre
844 739 879 801 de
894 741 1046 815 innitens,

183 833 232 894 s’il
253 839 308 896 'erit
325 839 370 897 e'td
386 835 504 916 pennis,
523 856 589 894 sous
610 856 642 895 ce
657 836 732 895 ileon
748 834 787 900 du
808 856 896 914 genre
909 835 1046 910 humeln,

185 928 317 990 ‹l‘ourrir
334 951 375 990 un
394 929 453 989 aris
469 933 616 1008 genereus
631 937 659 989 et
674 929 709 989 de
724 928 836 988 bldrner
859 929 886 988 la
907 933 1049 990 cruente?

184 1022 260 1081 Mais
274 1022 343 1103 quoi
359 1023 394 1083 de
417 1023 483 1103 plus
498 1022 629 1083 irritnhle
645 1043 702 1102 que
716 1021 836 1083 l'oreille
851 1022 925 1082 d’un
949 1031 1045 1103 tyran,

183 1115 249 1194 qni,
264 1137 339 1195 pour
354 1138 393 1175 un
413 1125 474 1175 mot
487 1137 537 1175 sur
553 1117 579 1191 la
591 1116 671 1196 pluis
686 1136 725 1176 ou
740 1116 766 1176 le
783 1116 858 1175 heau
874 1125 979 1197 iemps
996 1137 1049 1176 ss-

186 1208 290 1268 crifrnit
307 1210 453 1270 sesamis?
469 1210 590 1291 Crispus
606 1210 679 1271 donc
692 1230 730 1269 ne
745 1211 876 1290 s'opposa
885 1209 991 1289 jamnis
1005 1230 1042 1269 an

185 1310 313 1377 torrent,
327 1304 452 1385 puisque
463 1325 560 1364 aucun
575 1303 688 1384 ciloyen
701 1304 806 1363 ri'osnit
821 1303 884 1363 dire
898 1324 927 1363 sa
940 1307 1046 1384 pensee

182 1405 216 1455 et
240 1398 366 1458 sacrifier
386 1419 416 1458 sa
440 1398 519 1458 vies
544 1399 571 1457 la
585 1399 687 1458 re'ritd.
711 1397 794 1457 Voild
821 1397 977 1457 commeil
1004 1397 1048 1456 v'rt

182 1498 249 1549 tant
264 1491 404 1565 d'hiversf
420 1501 449 1552 et
463 1491 535 1572 qu'il
550 1491 666 1572 parvint
683 1495 700 1552 ‘a
714 1512 764 1550 son
784 1490 919 1551 seizilnne
940 1491 1043 1554 lustre.

183 1585 335 1647 inmeme
344 1587 485 1667 politique
496 1586 608 1646 soutint
620 1586 730 1645 Acilius
742 1586 815 1663 (90).
831 1587 956 1664 Presqne
968 1584 1046 1644 aussi

186 1681 239 1757 ige
266 1701 323 1759 qne
350 1679 480 1761 Crispus,
501 1680 523 1739 il
552 1680 623 1740 e'iait
647 1684 839 1760 accompagne
860 1677 931 1738 d’un
955 1679 1047 1756 jenne

183 1772 306 1835 homme
320 1774 407 1855 digno
420 1774 489 1835 d'nn
506 1774 642 1836 meilleur
653 1782 722 1846 sort,
738 1772 853 1834 victime
866 1771 930 1852 ddja
948 1776 1049 1833 reser-

182 1871 240 1927 ro'e
254 1889 291 1928 nu
307 1869 400 1948 gleire
414 1869 453 1928 du
470 1871 575 1928 mettre
588 1870 662 1947 (Ἢ).
675 1866 785 1948 Depuis
799 1867 963 1947 longtenrps
977 1867 1049 1927 c’est

296 2065 404 2118 Interpres
414 2066 486 2116 legum
498 2067 647 2106 sanctissimus
653 2079 659 2114 ;
672 2065 745 2104 omnia
753 2075 878 2116 quanquam

240 2132 267 2171 80
293 2130 437 2186 Temporibus
446 2133 499 2172 diris
509 2128 624 2172 tractanda
633 2132 725 2185 putabet
735 2133 811 2172 inermi

296 2199 394 2240 lustitia.
406 2200 472 2240 Venit
481 2206 503 2241 ot
513 2200 584 2252 Crispi
591 2198 691 2251 jucunda
697 2206 804 2248 senectus,

294 2262 364 2317 Cujus
372 2272 434 2306 erant
444 2278 522 2319 mores,
534 2266 605 2317 qualis
614 2264 723 2314 facundia,
733 2266 785 2305 mite
831 2276 841 2292 ⁶

296 2333 417 2383 Ingenium.
429 2333 500 2373 Maria
511 2345 536 2372 ac
547 2338 617 2373 terras
627 2331 761 2385 populosque
771 2331 854 2381 regenti

295 2399 350 2447 Quis
361 2412 433 2440 comes
442 2401 525 2449 utilior,
536 2401 555 2439 si
565 2400 628 2439 clade
638 2403 661 2439 et
670 2404 732 2451 peste
742 2399 782 2439 sub
794 2397 833 2437 illa

241 2467 269 2507 85
296 2466 406 2508 saevitiam
416 2467 526 2516 damnare,
539 2471 562 2506 et
571 2468 690 2507 honestum
700 2465 775 2505 afferre
787 2465 863 2505 liceret

296 2534 430 2575 Concilium!
441 2533 484 2573 Sed
495 2533 547 2584 quid
559 2533 676 2573 violentius
687 2543 743 2572 sum⁴
749 2531 845 2582 tyranni,
867 2523 870 2530 ⁴

296 2590 352 2641 Cuin
363 2613 408 2652 quo
417 2601 445 2641 de
454 2600 534 2653 pluviis
543 2604 582 2640 aut
593 2600 690 2649 estibus,
701 2602 739 2639 aut
747 2598 846 2638 nimboso

295 2667 353 2708 Vere
363 2668 458 2708 locuturi
470 2667 539 2708 latum
549 2666 660 2719 pendebat
669 2666 745 2706 amicit

296 2734 337 2774 iile
346 2735 414 2785 igitur
424 2745 535 2785 nunquam
546 2733 626 2773 direxit
636 2732 727 2772 brachio
739 2734 813 2771 contra

239 2801 268 2840 90
294 2801 434 2850 Torrentem
445 2812 484 2840 nee
496 2801 550 2840 civis
560 2803 615 2845 erat.
627 2799 665 2850 qui
676 2797 745 2837 libera
754 2801 828 2849 posset

294 2866 366 2907 Verba
385 2869 451 2907 mimi
460 2865 561 2919 prolerre,
573 2871 596 2905 et
604 2868 676 2905 sitnm
687 2863 812 2915 impendere
818 2874 877 2903 vero.

294 2930 331 2968 Sic
340 2929 421 2969 multas
429 2929 519 2977 hiemes,
530 2932 597 2979 atque
607 2928 739 2978 octogesima
748 2926 804 2966 vidit

295 2994 402 3035 Sobzitia.
415 2995 457 3034 His
468 2996 534 3034 armis
546 2994 584 3034 illa
595 3005 681 3045 quoque
691 2997 753 3034 tutus
762 2995 784 3033 in
792 2992 851 3049 anie,
889 3006 894 3011 ·

295 3062 412 3102 Proximus
420 3061 519 3114 ejmdem
528 3061 660 3113 properabat
674 3061 760 3100 Acilius
769 3062 810 3100 evi

240 3131 268 3170 95
295 3128 352 3169 Cum
358 3128 440 3180 juvene
451 3127 539 3179 indigno
548 3139 614 3179 quem
626 3139 684 3168 mors
693 3132 739 3169 tem
748 3138 805 3167 seve
816 3129 920 3174 manent,

295 3196 324 3235 Et
336 3194 418 3234 domini
429 3194 508 3244 gladiis
514 3195 562 3247 jem
572 3194 686 3246 designata
696 3208 702 3235 :
713 3194 752 3235 sed
763 3193 814 3234 olim
