2284 3650
184 232 216 279 16
525 226 644 277 shrlur
660 225 706 276 Ill.

185 324 256 384 d'un
273 327 326 385 eeu
342 322 461 384 difficile
475 325 493 383 h
507 343 633 402 gagner3
646 342 678 383 ce
692 322 785 402 qu'ou
796 321 857 382 cloit
870 323 888 382 ir
901 341 933 381 su
952 324 1048 402 patric

186 425 214 483 et
238 419 256 478 u
279 437 310 477 sa
329 416 439 478 lamille
463 418 538 495 (ll).
562 416 733 497 Appreuds,
755 421 783 476 te
797 415 883 495 dis-je
905 417 989 494 (22),
1016 437 1050 477 ce

185 531 243 590 que
258 510 334 571 Dieu
352 531 370 571 e
391 510 482 572 voulu
505 531 562 591 que
579 518 612 572 tu
635 511 736 584 fusses,
755 512 816 572 et‘a
832 510 901 590 quel
919 519 1002 590 poste
1027 510 1048 570 il

184 605 225 665 t‘o
238 605 332 684 place,
347 611 377 666 et
392 604 508 665 n'envie
520 623 570 683 pes
584 606 602 663 ὲ
615 603 736 664 l'avocat
748 604 785 664 de
801 604 829 663 lu
847 623 944 682 grosse
972 604 1049 665 Om-

184 697 248 760 brie
266 701 329 778 (25)
351 719 397 760 ces
417 698 575 759 immensos
594 697 754 778 provisions
771 698 835 775 (ui)
856 695 908 777 qui
928 695 1047 756 moisis·

184 801 248 853 sent
267 793 338 853 daus
357 813 409 853 son
430 791 511 853 riche
532 791 643 862 bullen
660 800 690 852 et
709 811 756 852 ces
777 788 927 871 epiceries‚
950 797 980 849 et
1000 810 1048 850 ces

181 886 328 964 jemhons,
342 893 531 947 monuments
544 886 581 947 de
594 886 723 967 quelque
734 885 822 946 client
836 904 947 957 morse3
960 892 989 946 et
1000 905 1048 945 ces

184 979 273 1040 barile
294 979 463 1052 d'unchois,
485 980 557 1040 dont
578 981 605 1040 le
624 978 751 1059 premier
773 979 847 1039 n'est
869 998 919 1058 pes
940 998 1046 1040 encore

183 1072 295 1154 epuise.

225 1167 266 1227 lci
282 1188 323 1228 un
335 1169 420 1229 rieux
430 1167 507 1228 boue
518 1168 553 1228 de
565 1167 720 1228 centurion
732 1187 780 1227 me
789 1166 853 1227 diro
865 1188 872 1227 :
889 1189 905 1226 c
917 1167 983 1227 Oh!
997 1188 1047 1227 mu

189 1281 206 1319 u
219 1259 401 1342 philosophie
416 1282 464 1322 me
478 1261 559 1321 suffit
573 1263 591 1321 ie
604 1261 682 1331 moi;
696 1260 726 1339 je
741 1280 778 1321 ne
792 1281 867 1321 veux
885 1259 969 1340 point
981 1281 1048 1321 res-

187 1375 203 1411 e
218 1354 345 1415 sembler
357 1357 375 1415 ir
389 1363 468 1416 voire
478 1354 620 1415 Arcesilas
630 1356 693 1434 (25)
712 1361 742 1415 et
755 1356 773 1414 i
787 1374 836 1415 vos
846 1354 960 1427 Solous,
973 1373 1046 1433 gens

189 1448 397 1522 omausscdes,
414 1468 451 1508 nu
467 1449 546 1509 lront
559 1447 652 1508 baisse
667 1448 743 1525 (16),
760 1467 817 1506 eux
830 1467 906 1527 peur
920 1447 991 1508 fixis
1008 1468 1046 1509 en

184 1563 201 1599 u
218 1549 306 1615 terre,
320 1549 510 1602 murmurant
521 1549 604 1602 entre
615 1543 694 1601 leurs
705 1540 800 1614 dens,
814 1539 967 1600 ruminant
978 1541 1047 1602 leur

189 1657 204 1695 u
218 1636 384 1719 lreue'tique
398 1635 516 1709 silence,
530 1641 644 1715 pesam,
657 1655 696 1695 en
707 1641 848 1709 avenoant
862 1635 890 1693 lu
904 1634 995 1708 l‘evre,
1012 1655 1046 1696 oe

188 1751 204 1788 n
218 1730 305 1810 qu'ils
320 1738 390 1791 voni
404 1729 477 1804 dire,
497 1727 641 1789 medicant
660 1729 701 1789 les
718 1727 843 1788 reveries
860 1727 895 1787 de
914 1728 1045 1809 quelque

188 1847 204 1884 n
218 1825 305 1886 rieux
316 1846 438 1887 cerveou
448 1823 574 1897 malado,
588 1825 756 1903 tollesque:
770 1821 847 1883 Rieu
853 1821 999 1884 n'ertcree
1007 1821 1045 1884 de

188 1941 204 1977 u
218 1920 293 1994 rien,
309 1921 375 1981 rien
389 1939 424 1981 ne
445 1927 579 1979 retourne
592 1918 691 1978 cirion
709 1918 784 1994 (27).
803 1915 898 1989 Quoi!
914 1917 992 1978 veile
1010 1938 1044 1979 ce

188 2027 204 2071 u
218 2012 270 2093 qui
284 2032 356 2073 vous
374 2011 446 2073 reud
466 2012 530 2091 pile
545 2011 628 2090 (esp
648 2031 680 2072 ee
698 2010 750 2091 qui
765 2030 836 2071 vous
850 2010 992 2092 empcehe
1006 2011 1043 2072 de

238 2238 264 2278 70
292 2236 353 2277 Utile
364 2247 464 2278 nummus
474 2236 541 2276 habet
546 2250 553 2286 ;
565 2238 650 2290 patrie,
661 2238 760 2288 carisque
768 2235 895 2289 propinquis

290 2301 401 2350 Quantum
411 2301 498 2353 elargiri
508 2300 593 2343 deceat.
603 2302 674 2350 Quem
684 2310 705 2343 te
715 2302 769 2342 deus
777 2314 824 2343 esse

291 2370 368 2418 lussit,
380 2373 402 2410 et
413 2368 508 2409 humane
518 2380 562 2421 qua
571 2373 632 2422 parte
642 2369 727 2411 locatus
737 2382 760 2410 es
771 2371 792 2409 iu
803 2381 833 2420 re,

290 2437 369 2487 Disce;
380 2448 419 2477 nee
429 2436 533 2486 invideas,
545 2436 604 2488 quod
614 2439 684 2478 multa
693 2436 767 2477 fidelia
777 2441 840 2491 putet

291 2503 317 2543 ln
326 2503 434 2556 locuplete
443 2513 508 2556 penu,
519 2501 613 2542 delensis
622 2503 739 2555 pinguibus
749 2503 851 2553 Umbrum

237 2572 264 2612 75
291 2571 319 2612 Et
330 2573 399 2624 piper,
409 2574 431 2611 et
441 2580 519 2623 pernae,
532 2568 601 2609 Marsi
612 2574 752 2610 monumenta
762 2569 859 2616 clientis;

291 2639 406 2691 Maeneque
418 2638 477 2690 quod
488 2638 557 2690 prima
569 2636 666 2677 nondum
676 2636 782 2677 deiecerit
793 2648 852 2677 orca.

291 2706 334 2746 Hie
345 2707 424 2757 uliquis
432 2705 460 2745 de
471 2709 534 2755 gente
543 2705 629 2744 hircosa
638 2705 788 2745 centurionum

290 2770 356 2814 Dicet
368 2772 447 2822 :Quod
459 2772 518 2825 sapio
529 2773 583 2811 sutis
593 2776 627 2812 est
636 2772 690 2811 mihi
696 2785 702 2822 ;
713 2782 755 2812 non
765 2783 805 2823 ego
816 2781 868 2812 euro

291 2840 344 2880 Esse
353 2839 411 2890 quod
423 2839 540 2889 Arcesilas,
552 2840 710 2891 aerumnosique
720 2838 818 2890 Solones,

236 2906 265 2947 80
291 2905 382 2959 Obstipo
393 2907 472 2959 capite,
484 2911 506 2946 et
515 2908 604 2956 figentes
614 2906 695 2946 lumine
704 2911 792 2956 terram,

293 2972 408 3013 Murmura
418 2984 468 3012 cum
476 2985 550 3013 eccum
561 2978 583 3013 et
593 2975 678 3013 rabiosa
687 2973 774 3014 silentia
786 2973 872 3022 rodunt,

292 3039 366 3090 Atque
375 3043 502 3090 exporrecto
512 3040 646 3080 trutinentur
656 3041 720 3080 verbu
730 3040 816 3089 labello,

292 3104 378 3155 AEgroti
389 3106 467 3144 veteris
477 3105 608 3146 meditantes
615 3108 713 3146 somnia:
726 3106 796 3159 quni

293 3171 328 3210 De
338 3170 411 3210 nihilo
419 3170 485 3219 nihil,
497 3173 522 3211 in
531 3172 628 3212 nihilum
640 3174 674 3213 nil
682 3185 745 3224 posse
757 3174 845 3214 reverti.

240 3235 267 3276 85
294 3233 342 3277 Hoc
353 3240 385 3277 est
395 3236 453 3289 quod
463 3238 544 3289 pallest
556 3238 601 3279 Cur
612 3241 662 3290 quis
673 3251 715 3279 nou
725 3241 838 3293 prandeat,
852 3241 893 3281 hoc
902 3242 947 3283 esti
