2284 3650
157 154 204 202 nr
479 138 597 191 sermo
614 136 684 187 xnt.

155 249 205 307 dos
215 243 266 304 des
280 240 401 322 penples
415 244 445 299 et
458 237 499 297 les
510 254 672 297 eouronnos
683 236 847 297 oonsaorees
863 252 916 314 per
929 233 1028 297 (11111-

157 339 251 419 tiques
272 334 330 396 rois
345 335 421 412 (53).
445 333 537 392 Faute
563 328 636 389 d'un
658 328 697 388 tel
715 327 820 401 botin,
846 327 873 388 le
893 326 1027 407 hugone

155 432 323 493 subalterne
335 428 445 488 ructent
459 423 651 500 surtivpment
664 422 692 482 lo
701 421 794 482 euisse
805 422 878 483 d'uu
891 424 1025 487 Hercule

155 527 236 597 dore,
252 524 280 583 la
297 524 358 582 sace
371 523 468 581 meme
485 519 521 578 de
536 519 685 598 Neptune,
701 537 740 577 ou
755 517 909 577 detoohero
927 519 1025 598 quel-

155 639 226 700 ques
238 619 328 676 lames
344 613 380 674 de
395 614 423 673 la
433 619 528 673 statue
546 612 582 671 de
597 611 708 671 Castor.
721 608 806 698 Est-il
816 608 868 669 fait
879 631 955 691 pour
968 611 1024 673 ho-

155 712 235 784 siter,
251 708 327 770 oelui
346 707 414 789 qni,
433 707 499 787 plus
513 705 603 766 d'une
617 703 682 777 soie,
696 703 758 782 jeta
772 703 843 764 dans
858 705 884 765 le
901 716 1023 767 oreuset

155 802 269 884 Jupiter
281 810 310 863 et
323 821 354 861 so
368 800 490 862 foudre‘t
506 800 649 878 Compare
663 800 680 858 t
693 805 745 858 ton
762 797 872 877 perfide
886 818 934 858 ces
950 818 1022 861 em-

156 897 354 976 poisonneurs‚
370 915 416 955 ees
430 891 768 975 parricideslegotement
780 889 934 971 precipites
944 891 1024 954 dans

155 992 182 1063 lo
197 1011 260 1051 mer
273 991 357 1070 apres
367 988 446 1048 avoir
457 990 502 1048 ete
519 986 679 1046 renfermeo
692 984 763 1044 dens
778 1005 820 1043 un
833 1004 880 1045 soe
898 984 934 1045 de
951 986 1024 1047 uuir·

155 1104 221 1145 oreo
233 1104 274 1142 un
283 1081 364 1160 singe
378 1080 430 1161 qui
445 1081 514 1140 n'eu
529 1088 601 1160 peut
613 1080 686 1139 mois
696 1080 770 1157 (ot).
787 1080 943 1152 Qu'est-oe
957 1100 1022 1160 que

156 1186 218 1237 tout
232 1177 304 1248 oeta,
320 1197 356 1236 en
378 1174 579 1255 comparaison
592 1174 630 1235 de
652 1194 684 1235 oe
704 1174 864 1254 qu'enteud
879 1174 905 1234 te
919 1176 1019 1254 pretet

155 1271 291 1343 Gallicus,
303 1269 440 1351 depuisle
452 1270 530 1332 lever
540 1268 581 1330 du
593 1269 800 1349 soleiljnsqu'e
809 1289 860 1328 son
871 1269 1019 1330 oouoher‘t

155 1367 215 1424 Une
236 1365 316 1425 seule
331 1351 545 1424 maison'suffit
567 1365 584 1423 ὲ
605 1362 657 1443 qui
678 1361 790 1424 voudru
803 1364 953 1423 counottre
974 1362 1019 1423 les

154 1481 265 1521 moeurs
274 1461 324 1522 des
342 1458 492 1522 homnine.
506 1462 644 1539 Posses-p
660 1458 803 1539 quelques
812 1457 906 1537 jones,
922 1466 953 1519 et
971 1457 1020 1519 dis

153 1559 229 1615 uton
242 1562 353 1628 retour,
367 1554 391 1614 si
403 1551 436 1615 tu
451 1555 545 1626 tosus,
558 1573 618 1633 que
630 1559 662 1612 tu
674 1573 704 1613 es
715 1553 919 1613 motheureux.

164 1726 169 1733 .
192 1650 297 1709 Est-on
308 1647 420 1729 surpris
425 1648 463 1724 de
474 1646 536 1707 voir
543 1647 594 1706 des
603 1648 709 1726 goitres
720 1666 771 1706 sur
782 1647 822 1706 tes
835 1645 922 1726 Alpes
932 1648 1020 1725 (nott

152 1742 222 1802 ‹lons
236 1743 295 1803 l'ile
309 1743 344 1803 de
360 1744 457 1802 Meroe
473 1740 523 1800 des
542 1738 692 1800 mantellos
711 1742 776 1821 plns
796 1740 884 1801 sortes
905 1759 964 1820 que
977 1735 1018 1802 de

153 1839 221 1898 t'orts
236 1837 435 1899 nourrissons‘t
450 1835 520 1896 ohez
535 1835 577 1894 tes
590 1834 742 1895 Germoins
755 1833 806 1895 des
819 1854 896 1916 penx
915 1834 1014 1912 luleus,

259 2023 340 2064 Pocula
351 2022 467 2065 adorandae
476 2022 588 2073 robiginis,
601 2025 623 2063 et
632 2022 762 2076 populorum

258 2090 327 2139 Dona,
338 2091 373 2132 vel
384 2092 474 2143 antiquo
485 2090 568 2143 positae
578 2101 593 2130 a
601 2100 652 2142 rege
661 2101 757 2134 coronae.
786 2110 789 2115 ·

192 2156 231 2196 too
258 2156 312 2197 Haec
325 2158 355 2197 ibi
364 2158 382 2198 oi
391 2169 434 2198 non
444 2165 502 2207 runt,
512 2159 582 2198 minor
591 2160 664 2199 exstet
673 2157 797 2209 sacrilegus,
809 2159 848 2207 qut

259 2223 331 2264 Radat
340 2224 432 2265 inaurati
442 2223 512 2265 femur
522 2224 634 2272 Herculio,
649 2228 672 2265 et
681 2222 759 2265 faeiem
768 2225 836 2278 ipsam

260 2292 365 2345 Neptuni,
378 2293 416 2342 qui
425 2291 559 2332 bracteolam
568 2291 597 2333 de
608 2292 698 2334 Castore
708 2291 774 2334 ducet
786 2304 791 2331 ε

257 2360 293 2399 An
304 2351 398 2406 dubitet,
411 2358 488 2399 solitus
497 2363 569 2400 totum
578 2359 672 2400 conflare
682 2363 792 2402 tonantem

185 2427 191 2435 ‘
257 2426 336 2467 Confer
347 2430 369 2467 et
381 2426 475 2467 artifices
484 2431 672 2479 mercatoremque
680 2429 764 2480 veneni,

192 2495 229 2535 155
257 2495 287 2536 Et
296 2493 448 2535 deducendum
460 2495 519 2535 oorto
529 2494 592 2535 bovis
601 2495 623 2534 in
632 2505 699 2543 more.
713 2506 764 2535 eum
774 2504 818 2546 quo

254 2561 370 2604 Clauditur
378 2561 475 2603 adversio
484 2561 571 2602 innoxia
581 2562 645 2601 simia
654 2560 711 2603 fatie.

256 2627 310 2667 Haeo
321 2630 389 2677 quota
400 2638 450 2679 pero
460 2627 576 2680 scelerum,
586 2638 636 2678 quae
647 2632 721 2669 eustos
730 2627 829 2670 Gallicus
839 2627 899 2669 urbis

255 2692 330 2744 Usque
341 2704 355 2733 a
365 2692 474 2742 Lucitero,
486 2693 556 2734 donee
568 2693 608 2734 lux
617 2693 714 2745 occidet,
727 2692 802 2735 audit!

255 2759 352 2800 Humani
367 2762 451 2811 generis
462 2771 533 2801 mores
543 2760 585 2801 tibi
595 2771 657 2802 nosse
668 2761 748 2802 volenti

189 2827 227 2864 160
253 2824 339 2867 Sufficit
348 2838 390 2868 une
401 2827 486 2869 domus.
497 2828 583 2869 Paucos
593 2838 696 2870 consume
706 2829 761 2879 dier,
772 2832 795 2871 et

254 2892 331 2934 Dicere
340 2899 361 2935 te
373 2896 483 2945 miserum,
493 2901 609 2949 postquem
619 2897 679 2937 tlt'mc
689 2898 780 2947 veneris,
791 2896 856 2939 aude.

279 2958 334 3007 Quis
342 2962 452 3002 tumidum
462 2967 538 3014 guttur
548 2963 640 3004 miretur
651 2964 672 3004 in
684 2963 791 3018 Alpibuet
802 2968 840 3006 aot
848 2966 899 3017 quie

253 3024 279 3064 ln
289 3023 364 3067 Meroe
376 3039 448 3070 croeso
459 3030 564 3082 majorem
576 3029 659 3072 intente
669 3032 799 3073 mamillam!

251 3091 336 3132 Caerula
347 3095 397 3144 quie
405 3099 491 3149 stupuit
502 3097 607 3138 Germani
616 3098 708 3152 lumine,
717 3097 795 3140 flavam

186 3159 224 3196 ¹¹35»
250 3157 376 3211 cesariem,
387 3165 409 3201 et
420 3161 510 3203 madido
520 3168 658 3214 torquentem
668 3176 750 3207 cornua
759 3166 828 3216 otrro;
