2284 3650
495 176 611 226 stunt·
627 176 667 224 l'l.
960 180 1006 227 207

152 273 278 337 entendu
291 273 381 354 qu'on
393 272 492 334 l'nvsit
502 272 568 353 ddja
582 275 673 353 gagnei
687 292 738 353 por
749 272 900 334 l'ollrnnde
916 273 1007 338 d'une

152 370 197 430 oie
214 388 308 447 grosse
322 374 352 428 et
365 367 438 427 d’un
453 370 568 447 gttenu.

191 463 273 521 licet
286 460 449 541 imposteur
458 458 578 520 succede
594 479 652 519 unc
664 460 680 518 J
685 458 750 519 nive
761 458 888 539 quittant
901 480 932 520 sa
947 481 1009 522 cor·

152 555 238 617 heille
256 561 286 615 et
299 575 350 614 son
365 553 425 614 loin
441 555 516 632 (88),
532 553 584 635 qui
603 552 684 614 vient
699 573 734 613 en
751 553 908 614 tremblsnt
920 542 1009 614 nien-

151 650 215 710 dier
230 648 380 709 dl'oceille
393 668 400 709 ε
415 649 485 709 c'est
503 646 675 708 neenrnoins
694 647 875 728 l'interprete
888 646 938 709 des
957 647 1010 709 lois

152 743 188 805 de
209 745 337 831 Solyrne,
356 743 384 803 la
399 742 507 823 grande
523 746 664 823 pretresse
677 740 713 801 de
731 741 758 801 la
776 742 849 801 foret
867 740 1008 815 d'Aricie,

153 838 182 897 la
194 836 279 898 fidele
295 840 455 917 messngere
474 835 524 897 des
538 837 656 897 oe'lestes
670 835 792 897 decrets.
811 837 851 895 ln
867 836 1009 917 supersti-

154 931 249 993 tieusc
262 932 303 992 lui
322 932 429 1002 donne,
444 931 517 992 mois
530 951 600 1013 peu.
613 930 672 1004 Qui
687 939 756 992 veut
769 931 819 992 des
838 930 1012 991 chinr'eresd

154 1025 214 1087 hon
228 1027 344 1087 marche
359 1032 432 1107 pent
443 1025 594 1086 s’cdresser
608 1044 665 1085 aur
676 1026 691 1085 J
696 1024 762 1084 uils.
773 1025 817 1083 Un
833 1023 963 1105 aruspice
975 1023 1011 1086 de

157 1122 319 1201 Comagene
339 1140 378 1181 ou
399 1118 568 1180 d'Armenie
587 1117 717 1179 consulte
737 1119 763 1177 le
777 1138 907 1199 poumon
922 1117 1011 1180 d'nne

154 1214 285 1275 colornhe
298 1213 469 1295 palpitante,
490 1222 519 1273 et
532 1212 576 1272 lui
591 1220 704 1293 promet
724 1233 764 1271 un
783 1212 884 1272 tendre
899 1219 1010 1285 ament,

154 1330 193 1369 ou
207 1308 324 1389 l'nmple
339 1308 469 1387 he'ritago
483 1307 555 1367 d'un
569 1306 649 1366 riche
662 1327 726 1365 sans
741 1307 865 1367 enlnnls.
881 1307 903 1365 ll
919 1306 1013 1366 touil-

154 1404 216 1465 lera
235 1403 306 1464 dens
328 1403 368 1463 les
382 1402 528 1462 entrailles
549 1400 622 1461 d'un
645 1399 758 1481 poulet,
778 1399 850 1459 d'un
868 1398 967 1472 chien,
984 1405 1013 1459 et

156 1494 338 1576 quelqueiois
351 1494 422 1554 d'un
444 1494 555 1567 errlcnt,
571 1492 663 1554 crime
679 1492 751 1552 dont
765 1491 786 1551 il
800 1511 864 1552 sera
885 1490 913 1550 lc
931 1490 1012 1551 deln-

157 1597 235 1649 teur.

198 1683 274 1743 Elles
285 1690 336 1743 ont
350 1703 452 1744 encore
471 1682 537 1763 plus
549 1681 585 1740 de
597 1681 741 1741 cnnfinnce
755 1698 811 1737 anx
830 1677 1011 1739 Cheldeens:

158 1783 223 1839 tout
234 1797 267 1839 ce
280 1797 338 1859 que
357 1777 452 1860 pre'dit
465 1798 505 1837 un
525 1776 688 1855 astrologue
703 1775 768 1836 leur·
783 1774 892 1835 semble
912 1776 1014 1834 <imane

158 1871 195 1932 de
207 1872 324 1952 Jupiter
336 1874 477 1944 Ammon,
489 1892 537 1932 car
557 1871 684 1951 Delphes
698 1890 734 1930 ne
748 1868 819 1928 rend
835 1868 900 1949 plus
918 1867 1013 1927 d'ora-

158 1967 235 2027 cles:
250 1965 424 2046 l'ignorance
438 1965 474 2027 de
486 1964 607 2025 l'ovenir
619 1971 662 2025 est
675 1964 702 2024 le
716 1962 875 2023 chetiment
889 1961 925 2023 de
940 1960 1017 2021 l'hu·

268 2205 355 2247 Scilicet
363 2212 386 2247 et
396 2206 457 2247 tenui
466 2215 551 2258 popano
563 2207 677 2256 corruptus
686 2202 760 2241 Osiris.

292 2266 366 2321 Quum
374 2272 436 2314 dedit
446 2272 483 2312 ille
493 2272 572 2322 locum,
585 2270 678 2322 cophino
689 2267 789 2318 loenoque
798 2268 881 2317 relicto,

268 2339 376 2381 Arcenam
387 2340 465 2380 Jur‘aea
475 2342 568 2379 tremens
580 2336 688 2377 mendicet
699 2337 720 2375 in
732 2346 814 2385 aurem,

270 2407 377 2459 interpres
386 2406 458 2457 legum
467 2405 612 2456 solymarum,
623 2408 645 2444 et
655 2413 733 2453 magna
742 2400 843 2442 sacerdos

202 2474 242 2514 545
269 2474 366 2524 Arboris,
378 2485 403 2513 ac
413 2473 492 2513 summi
502 2472 546 2511 fida
556 2472 688 2511 internuntia
697 2469 755 2511 coeli.

269 2538 349 2592 Implet
358 2543 381 2580 et
390 2540 428 2581 ille
439 2550 534 2589 manum,
545 2537 583 2578 sed
594 2538 688 2590 parcius.
699 2536 750 2575 AEre
760 2535 844 2574 minuto

245 2641 251 2653 ,
267 2606 440 2658 Qualiscumque
448 2606 515 2655 voles,
525 2604 598 2645 Judcei
607 2604 689 2644 somnia
699 2600 801 2643 vendunt

268 2672 365 2725 Spondet
375 2677 493 2714 amatorem
503 2675 608 2719 tenerum,
618 2668 653 2708 vel
662 2668 738 2708 divitis
745 2666 791 2706 orbi

270 2738 433 2779 Testamentum
444 2739 531 2790 ingens,
541 2737 619 2776 calidae
628 2734 730 2786 pulmone
740 2732 846 2774 columbe

202 2806 243 2846 550
269 2804 379 2855 Tractato,
390 2805 505 2845 Armenius
514 2803 549 2842 vel
558 2803 717 2851 Commagenus
726 2810 826 2852 aruspex.

271 2873 363 2914 Pectora
372 2872 481 2926 pullorum
491 2870 614 2917 rimabitur,
624 2870 675 2907 exta
684 2866 764 2917 catelli,

271 2938 383 2981 Interdum
392 2945 415 2980 et
425 2937 487 2991 pueri
495 2951 501 2976 ι
510 2935 576 2976 faciet
587 2932 645 2985 quod
656 2931 740 2973 delerat
750 2934 803 2986 ipse.

297 3006 406 3048 Chcldaeis
416 3004 454 3045 sed
466 3005 534 3055 major
543 3003 584 3042 erit
595 3000 690 3041 fiducia:
702 2999 810 3051 quidquid

272 3073 358 3115 Dixerit
367 3071 495 3121 astrologus,
506 3068 595 3113 credent
606 3079 620 3108 a
630 3067 690 3109 tonte
700 3067 791 3107 relatum

205 3142 246 3183 556
273 3141 393 3190 Ammonis,
403 3138 505 3190 quoniam
516 3135 608 3189 Delphis
617 3134 703 3175 oracula
712 3137 804 3182 cessent,

273 3209 303 3250 Et
312 3218 379 3260 genus
387 3206 505 3247 humanum
517 3202 606 3244 damnat
617 3202 687 3252 caiigo
698 3201 774 3241 tutori.
