2284 3650
137 148 185 195 388
467 144 584 203 saurus
603 143 665 193 xil.

138 240 211 321 qu'il
224 238 434 318 dissimuleffl),
448 249 477 301 et
491 261 520 301 se
528 240 615 320 garde
626 240 693 301 bien
704 240 806 301 d'aller
815 249 945 301 montrcr
959 261 996 299 au

139 337 257 413 pre'teur
271 353 302 391 sa
316 333 462 394 nrdchoire
475 334 581 408 brisce,
595 355 626 394 sa
638 336 732 415 figure
743 335 897 408 rneurtrie,
913 342 942 394 et
954 355 998 394 ses

138 446 213 507 yeux
227 427 300 486 dant
323 428 349 487 lc
369 429 501 489 mc'decin
516 428 678 509 de'sespere.
703 430 726 488 ll
748 450 820 488 aura
839 450 914 510 pour
925 429 999 508 juge

140 541 179 578 un
195 520 296 579 tribun
310 540 346 580 en
356 541 479 602 casaque
490 525 549 601 (a),
560 522 707 603 presidant
721 544 758 583 au
772 523 937 603 jugement,
956 543 1000 581 as-

137 614 205 673 siste
219 614 254 674 dc
268 615 420 675 farouclres
434 616 602 679 centurions
621 637 657 677 cu
677 616 815 690 bot'tincs,
833 609 999 676 conforme·

140 716 220 766 ruent
234 711 250 767 a
269 708 391 769 l’ancicn
410 729 497 788 usage
510 718 539 771 et
557 712 574 768 a
589 709 793 770 l'ordonnance
808 709 844 770 dc
862 709 997 776 Camillo,

137 802 189 880 qui
200 800 305 861 dc'scnd
316 822 373 862 aur
387 802 492 862 soldats
501 802 536 863 dc
548 802 661 883 plaider
669 803 737 862 hors
748 802 787 862 du
800 823 884 882 camp
896 809 925 861 et
938 801 998 860 loin

137 893 173 953 de
196 915 239 953 scs
254 894 412 974 enseigncs
425 930 467 942 —
483 897 550 955 For-t
574 894 663 967 bicn3
682 895 702 976 il
722 903 765 956 est
785 896 864 975 juste
886 915 944 975 que
971 895 999 953 la

137 988 338 1048 connaissance
348 987 397 1048 des
407 988 490 1049 delits
502 987 654 1048 militaires
666 987 856 1069 appartienne
864 1008 920 1047 aux
932 1008 999 1047 cen-

138 1080 264 1140 turions:
277 1082 337 1141 cela
350 1082 520 1161 n'cmpeche
532 1101 593 1161 pas,
607 1081 631 1147 si
643 1102 691 1142 ma
702 1082 810 1163 plaintc
824 1088 868 1141 cst
879 1080 997 1153 landae,

136 1171 223 1250 qu‘ils
237 1193 283 1232 mc
293 1172 430 1245 rendroni
441 1174 559 1253 justice.
569 1177 765 1235 -Pent-etre
776 1196 783 1247 ;
796 1175 869 1235 mais
880 1182 960 1234 toute
971 1176 999 1233 la

136 1266 254 1325 cohorte
265 1272 307 1325 est
316 1273 415 1326 contre
429 1266 480 1326 toi.
494 1269 572 1327 Pour
582 1289 690 1348 renger
700 1277 750 1329 ton
761 1268 870 1347 injure,
889 1269 1006 1349 t'expo-.

136 1368 257 1419 seras-tu
272 1362 289 1420 a
303 1359 338 1421 dc
351 1361 416 1442 plus
431 1381 531 1440 graves
543 1362 686 1423 insultes‘.l
699 1366 743 1423 Tu
756 1363 844 1423 serais
855 1363 932 1422 aussi
947 1364 997 1423 son

137 1474 194 1532 que
214 1462 259 1513 cet
277 1463 375 1514 avocat
389 1455 425 1515 de
442 1456 564 1516 Modene
576 1459 634 1535 (l),
651 1457 786 1517 l'insense
798 1457 957 1536 vagellius,
973 1458 996 1516 si

138 1555 170 1606 tu
186 1547 309 1628 risquais
324 1558 366 1609 tcs
380 1549 455 1609 deur
471 1540 585 1628 jambes
600 1551 751 1631 degamus
766 1551 860 1633 parmi
880 1559 943 1611 tant
961 1552 997 1611 de

137 1639 263 1700 hottines
273 1646 384 1702 armccs
393 1641 429 1703 de
440 1644 614 1723 pointesili).
626 1644 685 1717 Qui
696 1646 872 1727 seraitassez
885 1644 998 1704 devouc

138 1754 213 1812 pour
224 1754 288 1794 oser
301 1736 430 1796 franchir
441 1738 481 1798 les
495 1737 638 1798 barneres
656 1738 697 1799 du
717 1760 813 1819 camp,
834 1732 892 1797 alin
906 1737 943 1798 de
959 1738 998 1817 ι’]

138 1828 228 1888 servir
238 1829 274 1890 de
287 1831 414 1891 tcmoin‘l
429 1832 599 1907 Canis-moi,
616 1833 700 1894 sechc
710 1842 753 1894 tes
765 1834 870 1894 larmcs
880 1852 918 1892 au
931 1828 997 1912 pius

193 2014 217 2051 10
244 2014 333 2055 Audeat
342 2026 445 2056 excussos
453 2017 541 2069 praetori
553 2015 667 2063 ostendere
676 2016 759 2065 dentes,

246 2082 275 2121 Et
284 2083 368 2133 nigram
379 2084 401 2122 in
410 2083 466 2123 facie
473 2083 564 2124 tumidis
573 2084 679 2124 livoribus
688 2084 761 2132 offam,

245 2149 320 2200 Atque
331 2149 414 2197 oculos,
425 2150 512 2191 medico
522 2151 553 2190 nil
565 2152 715 2203 promittente.
725 2151 821 2192 relictos.

189 2206 196 2215 ’
244 2211 365 2255 Bardaicus
370 2216 441 2268 judex
450 2217 517 2258 datur
525 2219 571 2258 hac
582 2220 658 2271 punire
668 2218 749 2258 volenti

243 2279 344 2329 Calceus,
355 2290 377 2322 et
386 2283 479 2333 grandes
490 2296 567 2335 magna
579 2284 607 2324 ad
618 2285 722 2340 subsellia
733 2295 796 2333 surm

192 2350 217 2387 15
245 2349 340 2400 Legibus
351 2351 447 2402 antiquis
459 2356 587 2397 castrorum,
598 2357 620 2392 et
631 2364 691 2393 more
699 2351 787 2393 Camilli

244 2416 341 2466 servato,
351 2418 414 2459 miles
423 2429 450 2458 ne
461 2418 543 2459 vallum
551 2420 624 2469 litiget
633 2423 704 2466 extra,

248 2484 276 2524 Et
283 2486 359 2536 procul
371 2497 384 2525 a
395 2487 471 2537 signis.
482 2486 610 2526 Justissirna
621 2487 770 2527 centurionum

245 2549 348 2600 Cognitio
359 2557 392 2592 est
403 2553 471 2602 igitur
481 2551 509 2591 de
520 2551 603 2602 milite3
614 2564 653 2592 nec
664 2553 718 2592 mihi
729 2552 799 2593 deerit

244 2615 315 2667 Ultio,
323 2619 341 2658 si
348 2619 409 2670 juste
419 2618 516 2660 defertur
526 2630 603 2660 caussa
611 2620 713 2670 querele.

190 2682 217 2721 20
244 2682 300 2726 Tota
309 2684 388 2724 cohors
399 2690 471 2726 tamen
483 2689 516 2727 eat
526 2686 621 2738 inimica,
634 2696 751 2737 amesque
761 2685 850 2739 manipli

243 2747 357 2792 Couscusu'
364 2763 442 2803 magno
451 2751 558 2793 officiunt.
570 2746 683 2793 Curabitis
694 2757 718 2793 ut
730 2753 758 2793 sit

243 2815 349 2859 Vindicta
357 2821 442 2870 gravior
451 2832 519 2871 quam
527 2820 620 2873 injuriat
630 2820 721 2873 dignum
731 2823 774 2862 erit
781 2832 833 2875 ergo

239 2888 397 2932 Declamatoris
407 2893 535 2933 mutinensis
546 2891 612 2932 corde
623 2893 717 2945 Vagelli,
790 2921 792 2926 .

242 2955 316 3006 Quum
326 2958 370 3000 duo
381 2972 445 3001 crura
456 2961 544 3009 liabens,
555 2960 665 3003 offendere
674 2965 708 3003 tot
719 2962 833 3014 caligatus,

189 3026 217 3065 25
244 3024 318 3066 unua
327 3026 446 3070 clarorum.
455 3028 510 3076 Quis
519 3033 566 3069 tarn
574 3030 651 3082 procul
658 3031 715 3071 absit
725 3031 753 3072 ab
760 3031 831 3072 urbe!

243 3093 351 3133 Preterea
362 3094 467 3148 quictem
479 3096 584 3147 Pylades,
591 3097 672 3137 molem
679 3099 765 3150 aggeris
774 3099 834 3139 ultra
883 3122 889 3128 ·

243 3157 275 3198 Ut
284 3160 369 3200 veniant
379 3159 490 3211 Laerymae
499 3163 609 3204 circuatur
615 3164 723 3216 prauum,
736 3168 761 3205 ct
768 3176 792 3205 ee
