2284 3650
233 189 290 237 -566
581 185 696 234 stultu
713 186 766 235 XV.

241 286 389 366 sacrilege.
405 285 514 358 ‚Seiutc
536 285 648 359 oetion,
672 284 730 365 qui.
744 285 806 346 mit
826 304 870 346 ses
893 284 983 346 dieux
1002 290 1104 348 croitre

243 381 314 441 dans
328 379 490 458 sesjerdins
499 369 558 443 tiis
568 378 743 441 n'oseraient
758 373 879 458 &gorges
889 379 916 439 le
928 379 1005 460 petit
1018 380 1104 442 d'une

243 475 360 547 ch'evre,
375 473 405 533 ni
418 494 539 554 manger
551 472 588 533 de
603 472 732 533 l'animai
750 472 802 553 qui
823 482 905 554 porte
920 493 979 533 une
996 474 1102 544 toison;

244 568 317 628 meis
327 567 363 628 iis
376 574 516 649 mergent
526 566 562 628 de
577 567 605 626 la
615 565 697 627 cheir
707 564 862 627 humaine.
878 566 984 641 Quand
996 568 1103 647 Ulysse

209 716 211 719 .
244 662 312 723 assis
325 664 341 722 i
356 662 385 722 le
398 661 475 721 tubie
487 660 667 733 u'eteinons,
681 661 823 720 reconteit
836 661 854 720 is
865 680 897 721 ce
911 659 956 720 roi
968 659 1107 742 petiissent

242 755 280 816 de
300 756 381 816 telles
400 755 545 837 emeritos,
561 775 600 814 on
621 753 675 813 dut
694 752 865 832 s'indigner,
890 774 928 814 ou
952 757 1106 833 peut-etro

244 849 303 909 rire
315 849 351 909 de
363 869 408 909 ces
420 849 533 908 fictione
553 847 691 908 absurdes
706 854 735 907 et
751 847 885 907 cruelies.
908 849 1055 910 Persouue
1073 870 1108 909 ne

243 941 438 1022 jetieret-ilis
454 942 481 1001 la
501 962 565 1005 mer
580 941 798 1021 cecharlnten,
817 961 849 1001 ce
870 949 1008 1002 menteur
1022 942 1109 1022 digne

246 1035 1107 1121 d'etreplongedunsungouiirepiusreelquesaCherybde,

246 1132 329 1208 apres
350 1150 382 1188 ce
404 1129 476 1208 qu'il
494 1129 575 1189 vient
587 1129 631 1189 'de
652 1128 766 1188 debitor
785 1127 835 1188 des
854 1129 993 1210 Cyclopes
1012 1138 1041 1190 et
1061 1130 1108 1191 des

248 1226 436 1303 isesirygons‘i
457 1243 505 1283 cur
525 1224 555 1301 je
576 1222 693 1285 croimis
710 1222 806 1302 plutot
825 1243 856 1283 ce
878 1222 950 1302 qu'il
973 1243 990 1282 a
1013 1224 1056 1284 dit
1074 1224 1107 1283 dc

247 1317 351 1396 Scylla,
370 1316 420 1377 des
438 1318 540 1378 roches
557 1321 677 1397 cynne'es
696 1316 746 1397 qui
766 1310 1037 1398 s'entreehoquent
1054 1320 1105 1397 (8),

247 1410 297 1473 des
310 1404 408 1473 outres
419 1410 529 1493 pieines
540 1412 576 1472 dc
592 1414 744 1492 tempetes,
759 1433 798 1472 ou
809 1410 968 1492 d'Elpc'nor
979 1420 1010 1473 et
1021 1412 1056 1475 de
1067 1433 1106 1474 ses

247 1526 443 1587 compagnons
458 1506 646 1567 trunsiorme's
659 1527 696 1567 eu
707 1494 870 1566 immondes
878 1526 1048 1586 pourceeur
1060 1526 1107 1589 por

249 1600 277 1659 la
295 1598 433 1679 baguette
448 1598 483 1660 de
499 1598 593 1661 Circe.
614 1600 692 1658 Pour
706 1601 757 1679 qui
779 1596 852 1659 nous
872 1598 1008 1679 prend-il
1021 1599 1110 1661 done?

250 1691 300 1752 Tel
321 1691 376 1754 dut
394 1695 454 1752 titre
475 1692 500 1752 ie
522 1691 643 1771 lengege
658 1690 694 1751 de
710 1691 837 1771 quelque
859 1691 1008 1753 Phcucien
1030 1700 1110 1753 erent

245 1783 355 1848 d'uroir
367 1780 432 1869 trop
445 1786 487 1847 bu
503 1785 602 1846 durio
618 1784 653 1846 de
666 1804 716 1847 son
733 1806 801 1867 pays
812 1807 819 1858 ;
831 1806 879 1848 cnr
892 1787 918 1847 le
934 1785 979 1848 roi
996 1787 1107 1850 d'lthu·

250 1900 307 1960 qne
322 1881 392 1942 ctait
408 1882 435 1942 le
449 1881 511 1942 seui
523 1888 626 1960 gerent
640 1879 690 1940 des
704 1889 802 1941 cuntes
816 1880 888 1962 quit
904 1880 1014 1944 fnisnit.

302 2126 331 2170 '10
357 2126 564 2178 osenetmgentee,
575 2128 658 2180 quibus
665 2129 712 2169 hren
722 2134 842 2172 naseuntur
850 2129 872 2168 in
883 2130 955 2172 hortis

359 2195 467 2238 Numine!
479 2195 568 2238 Lenatis
577 2196 708 2240 animalibus
720 2195 816 2238 musnet
823 2197 894 2238 omnis

360 2261 454 2303 Mensa:
467 2260 527 2302 netas
539 2263 584 2302 iilic
594 2262 674 2305 [cetum
682 2262 785 2315 Jugulnre
795 2264 898 2317 capellum

358 2328 466 2371 Carnibus
476 2330 644 2371 humanisvesei
654 2330 713 2371 licet.
726 2329 827 2371 Attomtn
834 2341 903 2382 quum

360 2395 673 2450 Taleeupereoenamtminue
684 2402 780 2440 meent
791 2398 882 2450 elysseu
910 2401 913 2406 '

306 2465 333 2506 15
359 2464 460 2514 Alcinoo,
472 2465 539 2505 bilem
547 2470 587 2506 eut
598 2466 665 2506 risum
677 2464 767 2506 sortasse
776 2465 909 2515 quibusdam

361 2532 470 2581 Moverat,
482 2536 507 2574 ut
518 2532 613 2573 mendax
622 2533 752 2584 aretalogus.
763 2533 788 2585 In
799 2543 859 2573 mere
868 2543 932 2573 nemo

361 2599 427 2640 Hune
441 2600 515 2650 abicit,
526 2611 584 2640 eaeru
593 2599 683 2651 mgnum
691 2611 785 2651 vereque
795 2598 915 2651 Charybdi,

360 2666 489 2718 Fingentem
500 2668 604 2707 immanes
615 2666 767 2719 Leestrygenas
777 2670 842 2718 atque
851 2666 973 2719 Cyclopes!

360 2733 419 2773 Nam
428 2733 492 2772 eitius
501 2731 606 2784 Scyllam,
618 2731 652 2772 vel
662 2733 811 2774 concurrentia
820 2743 874 2772 sexa

306 2800 335 2840 20
361 2799 454 2852 Cyanes,
467 2799 542 2852 plenos
552 2804 575 2839 et
584 2800 751 2852 tempestatibus
759 2807 819 2840 utres

360 2865 505 2914 Crediderim,
521 2871 559 2907 eut
571 2868 630 2907 tenui
641 2878 767 2919 percussum
778 2867 866 2907 verbere
873 2866 958 2915 Circes,

361 2932 450 2974 Etcum
460 2934 578 2984 remigibus
589 2934 700 2984 grunnisse
711 2933 819 2987 Elpenore
828 2935 907 2986 porcis.

361 3000 416 3041 Tem
428 3002 491 3043 vacui
502 3002 580 3054 capitis
590 3000 695 3053 populum
706 3000 799 3041 Phaeeca
808 3002 908 3053 putavit!

363 3065 399 3106 Sic
409 3067 489 3118 aliquis
498 3069 576 3108 merito
585 3067 681 3108 nondum
689 3067 770 3117 ebrius,
782 3075 805 3108 et
816 3068 929 3110 minimum
940 3070 979 3120 qui

311 3132 339 3172 25
365 3132 397 3172 De
408 3143 517 3185 corcyraee
527 3139 634 3175 temetum
645 3134 738 3177 duxerat
749 3146 819 3178 urna:

364 3196 427 3239 Solus
436 3200 493 3240 enim
504 3199 545 3241 hoe
556 3201 648 3242 Ithecue
657 3201 717 3243 nulio
726 3202 767 3246 sub
780 3205 836 3244 teste
844 3202 945 3246 canebat.
