2284 3650
202 131 250 183 546
531 124 652 177 sumu
666 125 731 176 xiv.

204 242 280 284 assez
293 222 447 284 fermentet.
465 220 558 283 Laisse
573 239 730 302 poussersa
742 219 849 292 berhe3
866 221 993 283 attends
1008 223 1085 305 qu'ii

202 337 370 381 cummeneo
381 319 398 376 d
411 336 440 376 se
455 336 549 387 resen
566 315 637 380 tute
653 311 762 388 verice,
778 314 922 376 touchant
933 317 980 378 les
993 317 1084 399 pteris

192 410 239 486 ¹de
263 412 348 473 Ce'res
370 419 400 473 et
421 432 474 472 son
496 410 575 470 autel
591 410 666 488 (52),
683 409 774 470 servir
788 409 823 470 de
845 410 917 473 saux
945 413 1082 488 temoin,

186 501 188 503 '
204 506 312 568 vendre
324 507 350 567 lc
366 507 512 588 perjuret
531 504 570 564 vil
584 505 660 584 prix.
675 504 746 565 C'en
765 512 808 577 est
822 503 874 565 sair
891 505 929 569 de
955 515 988 567 ta
1006 508 1082 583 bru,

203 602 228 660 si
242 621 273 661 sa
286 602 336 662 dot
348 611 391 663 est
399 601 515 682 capable
525 600 560 660 de
573 600 599 660 le
613 606 718 659 tenter.
734 590 843 681 Epicnt
852 620 905 662 son
917 605 1080 678 sommeiL

203 714 317 757 comme
337 694 362 754 ii
375 694 560 774 i'etrangiero
578 692 668 753 d'une
686 691 767 751 main
785 692 938 753 forcenee!
960 696 1004 756 Ce
1022 682 1080 777 que

205 788 289 849 tuitii
301 809 436 879 proposes
448 786 611 867 d'ocqntrir'
625 807 661 846 cn
676 793 851 867 porcourant
864 795 892 846 et
906 788 936 849 la
952 797 1041 851 terre
1053 800 1080 852 et

204 881 246 940 ies
260 902 352 955 mers,¹
366 904 406 941 un
420 880 538 943 chemin
549 880 614 960 plus
629 887 713 939 court
727 879 755 940 le
768 879 810 939 lui
825 901 1004 960 procurere.
1026 887 1078 945 Les

204 975 271 1055 plus
292 976 396 1055 grands
410 976 515 1036 crimes
530 975 710 1035 s'erdcutent
729 994 793 1034 sens
811 974 927 1035 travail.
944 979 1075 1052 lamnis,

204 1068 331 1129 diras-tu
352 1071 478 1150 quelque
490 1069 580 1149 jour,
602 1067 632 1148 je
654 1088 690 1127 ne
710 1066 755 1136 lui
779 1068 970 1149 suggerendo
993 1072 1074 1133 telles

205 1161 358 1223 horreors:
372 1164 441 1223 elles
456 1164 525 1241 n'en
538 1171 604 1222 sont
611 1183 663 1244 pes
677 1162 771 1223 moins
785 1161 811 1223 le
827 1162 902 1223 fruit
916 1164 954 1226 de
973 1173 1019 1227 tes
1031 1166 1072 1228 ic·

203 1274 282 1329 pons.
297 1256 470 1336 Quicunque
486 1257 594 1317 allume
613 1257 683 1317 daus
698 1278 740 1316 un
752 1258 842 1336 jeune
856 1278 940 1318 coeur
952 1260 982 1321 le
996 1260 1072 1323 desis

202 1346 253 1408 des
267 1349 417 1426 richesses,
441 1351 568 1411 fomente
592 1358 637 1411 cet
658 1349 763 1415 odieux
784 1351 932 1431 penchnnt
952 1354 1071 1435 perdes

203 1444 324 1504 consciis
344 1445 490 1519 sinistreS,
511 1444 697 1524 i'encourcge
720 1446 737 1503 d
758 1444 881 1505 doubler
899 1465 954 1505 son
977 1448 1069 1528 patri-

205 1541 303 1603 moine
315 1543 527 1624 portesmude,
541 1542 619 1602 brise
630 1550 695 1601 tous
707 1541 747 1601 ies
761 1541 860 1616 freins,
875 1543 959 1603 idche
974 1551 1068 1606 toutes

205 1635 246 1696 les
257 1639 367 1697 renesd
379 1637 427 1698 des
441 1637 582 1699 conrsiers
597 1637 756 1716 tongueux.
770 1639 814 1696 En
824 1635 891 1696 vain
901 1636 1068 1703 iivoudrait

205 1730 246 1790 les
272 1732 402 1821 retenir:
428 1734 464 1792 air
496 1731 605 1813 mepris
633 1731 667 1791 de
689 1751 721 1791 so
741 1732 818 1804 ccix,
838 1731 872 1790 ils
898 1742 1066 1815 emportent

205 1824 265 1884 loin
289 1827 339 1887 des
362 1826 466 1888 boenes
490 1835 519 1887 ct
542 1827 569 1888 le
583 1826 653 1887 cher
672 1833 702 1887 et
720 1826 746 1887 le
764 1828 880 1888 maitre2
908 1827 1064 1890 L'hornnrc

203 1928 247 1980 ost
268 1922 291 1982 si
310 1922 464 2002 indulgent
483 1945 557 2005 pour
576 1922 744 1996 lui-meme,
768 1924 840 2004 qu'il
862 1945 899 1984 nc
921 1927 999 1987 croit
1017 1927 1066 2006 ja·

313 2070 399 2111 Nativae
410 2071 468 2110 mala
477 2071 581 2121 nequitiae
586 2082 592 2118 5
602 2080 671 2122 quum
678 2072 766 2121 pectere
775 2069 864 2108 barbam

311 2137 415 2190 Coepertt,
427 2142 449 2177 et
461 2137 519 2189 longi
530 2147 653 2176 mucronem
664 2134 780 2176 admittere
792 2135 863 2182 cultri,

311 2204 389 2244 Falsus
398 2205 440 2244 erit
450 2206 519 2251 testis,
529 2203 609 2244 vendet
618 2203 713 2256 perjuria
721 2213 807 2242 summa

311 2270 405 2320 Exigua,
416 2270 501 2311 Cereris
512 2274 604 2322 tangens
614 2281 717 2321 aramque
728 2269 857 2322 pedemque.

243 2339 284 2378 220
311 2337 398 2378 Etutam
407 2339 455 2389 jem
463 2335 528 2377 crede
537 2348 623 2396 nurum,
635 2338 653 2377 si
662 2338 737 2386 iimina
746 2340 819 2378 vestre

311 2404 424 2446 Mortifera
434 2416 484 2445 enm
495 2404 547 2444 dote
557 2404 624 2445 subit.
636 2405 721 2452 Quibus
732 2404 770 2443 illa
780 2407 893 2455 premetur

310 2473 353 2512 Per
364 2483 462 2512 somnum
472 2471 557 2523 digitis!
570 2471 688 2522 Namque
699 2477 800 2522 terraque
811 2472 909 2522 marique

309 2539 450 2592 Aequirenda
458 2545 530 2592 putas,
542 2539 629 2578 brevior
639 2539 674 2586 ria
683 2538 779 2581 conteret
790 2537 822 2577 illi
834 2550 838 2576 :

310 2608 390 2648 Nullus
400 2608 457 2647 enim
469 2607 541 2657 magni
552 2605 640 2646 sceleris
650 2606 719 2646 labor.
730 2605 784 2663 Haee
796 2615 836 2656 ego
845 2615 957 2670 nunquam

182 2699 185 2702 ·
241 2676 283 2722 225
311 2676 425 2728 Mandavi,
435 2674 495 2715 dices
502 2674 561 2723 olim,
572 2685 613 2714 nec
624 2674 678 2714 talia
684 2674 753 2723 suasi.

309 2743 392 2784 Mentis
400 2754 477 2789 caussa,
487 2742 550 2792 maiae
561 2745 634 2799 tamen
644 2746 677 2795 est
689 2747 711 2783 et
722 2742 782 2793 origo
791 2751 856 2793 penes
867 2744 897 2782 te.

310 2812 368 2852 Nam
379 2811 478 2862 quisquis
489 2811 562 2861 magni
572 2821 649 2850 census
658 2809 762 2862 precepit
772 2819 875 2859 amorem,

309 2879 339 2918 Et
348 2879 404 2919 laevo
413 2879 499 2919 monitu
507 2889 587 2931 pueros
596 2877 699 2931 producit
710 2879 794 2926 ararosj
828 2889 831 2894 ·

309 2945 339 2985 Et
348 2946 386 2996 qui
397 2945 532 2997 perirandes
542 2946 673 2997 patrimonia
682 2942 836 2997 conduplicare

241 3011 282 3050 230
309 3011 353 3051 Dat
364 3011 496 3064 liberatem,
508 3016 566 3053 totas
576 3012 668 3053 effundit
679 3011 773 3052 habenas

308 3077 422 3119 Curriculo
427 3091 509 3130 equom
518 3081 537 3119 si
546 3090 641 3126 revoces.
652 3080 769 3120 subsistere
778 3079 846 3119 nescit
856 3091 862 3118 :

309 3145 345 3194 Et,
356 3149 378 3186 te
387 3149 520 3201 contempto,
530 3147 622 3199 rapitur,
634 3147 741 3198 metisque
750 3146 840 3188 relictis.
