<?xml version="1.0" encoding="UTF-8"?>
<!DOCTYPE html PUBLIC "-//W3C//DTD XHTML 1.0 Transitional//EN"
    "http://www.w3.org/TR/xhtml1/DTD/xhtml1-transitional.dtd">
<html xmlns="http://www.w3.org/1999/xhtml" xml:lang="en" lang="en">
 <head>
  <title>
</title>
<meta http-equiv="Content-Type" content="text/html;charset=utf-8" />
  <meta name='ocr-system' content='tesseract 3.04.00' />
  <meta name='ocr-capabilities' content='ocr_page ocr_carea ocr_par ocr_line ocrx_word'/>
</head>
<body>
  <div class='ocr_page' id='page_1' title='image "./persesatires00juvegoog_0576.png"; bbox 0 0 2284 3650; ppageno 0'>
   <div class='ocr_carea' id='block_1_1' title="bbox 106 197 627 246">
    <p class='ocr_par' dir='ltr' id='par_1_1' title="bbox 106 197 627 246">
     <span class='ocr_line' id='line_1_1' title="bbox 106 197 627 246; baseline -0.002 0"><span class='ocrx_word' id='word_1_1' title='bbox 106 199 154 246; x_wconf 74' lang='lat'>572</span> <span class='ocrx_word' id='word_1_2' title='bbox 442 197 558 246; x_wconf 67' lang='lat' dir='ltr'>ssime</span> <span class='ocrx_word' id='word_1_3' title='bbox 575 198 627 246; x_wconf 80' lang='lat' dir='ltr'>XV.</span> 
     </span>
    </p>
   </div>
   <div class='ocr_carea' id='block_1_2' title="bbox 107 292 988 1881">
    <p class='ocr_par' dir='ltr' id='par_1_2' title="bbox 107 292 988 1778">
     <span class='ocr_line' id='line_1_2' title="bbox 148 292 988 374; baseline -0.001 -21"><span class='ocrx_word' id='word_1_4' title='bbox 148 292 988 374; x_wconf 45' lang='lat' dir='ltr'>QfflfflfflmmfflfflQOm</span> 
     </span>
     <span class='ocr_line' id='line_1_3' title="bbox 108 387 973 467; baseline 0.001 -20"><span class='ocrx_word' id='word_1_5' title='bbox 108 389 186 447; x_wconf 87' lang='lat' dir='ltr'>leurs</span> <span class='ocrx_word' id='word_1_6' title='bbox 200 391 292 466; x_wconf 72' lang='lat' dir='ltr'>egetur</span> <span class='ocrx_word' id='word_1_7' title='bbox 309 408 347 448; x_wconf 90' lang='lat' dir='ltr'>en</span> <span class='ocrx_word' id='word_1_8' title='bbox 364 388 505 460; x_wconf 81' lang='lat' dir='ltr'>lnuvpnre</span> <span class='ocrx_word' id='word_1_9' title='bbox 519 394 547 446; x_wconf 88' lang='lat' dir='ltr'>et</span> <span class='ocrx_word' id='word_1_10' title='bbox 560 408 597 447; x_wconf 87' lang='lat' dir='ltr'>en</span> <span class='ocrx_word' id='word_1_11' title='bbox 612 387 732 459; x_wconf 68' lang='lat' dir='ltr'>Melite,</span> <span class='ocrx_word' id='word_1_12' title='bbox 755 387 828 446; x_wconf 82' lang='lat' dir='ltr'>ineis</span> <span class='ocrx_word' id='word_1_13' title='bbox 842 388 907 467; x_wconf 86' lang='lat' dir='ltr'>plus</span> <span class='ocrx_word' id='word_1_14' title='bbox 921 393 973 448; x_wconf 85' lang='lat' dir='ltr'>ee&#39;·</span> 
     </span>
     <span class='ocr_line' id='line_1_4' title="bbox 108 481 974 562; baseline 0.002 -22"><span class='ocrx_word' id='word_1_15' title='bbox 108 481 974 562; x_wconf 42' lang='lat' dir='ltr'>stfflmmssmmmffimsmmmmfflmmssmme</span> 
     </span>
     <span class='ocr_line' id='line_1_5' title="bbox 107 566 974 656; baseline 0.003 -22"><span class='ocrx_word' id='word_1_16' title='bbox 107 566 974 656; x_wconf 50' lang='lat' dir='ltr'>fisspmmmmslammmemllfflmmimmmm</span> 
     </span>
     <span class='ocr_line' id='line_1_6' title="bbox 108 669 973 742; baseline 0.002 -14"><span class='ocrx_word' id='word_1_17' title='bbox 108 669 973 742; x_wconf 41' lang='lat' dir='ltr'>fflmmssfflmmssmhlmmmwmfflssmwnmffl</span> 
     </span>
     <span class='ocr_line' id='line_1_7' title="bbox 108 755 972 844; baseline 0.005 -23"><span class='ocrx_word' id='word_1_18' title='bbox 108 763 149 822; x_wconf 91' lang='lat' dir='ltr'>les</span> <span class='ocrx_word' id='word_1_19' title='bbox 163 769 272 844; x_wconf 72' lang='lat' dir='ltr'>poetes,</span> <span class='ocrx_word' id='word_1_20' title='bbox 290 762 410 823; x_wconf 84' lang='lat' dir='ltr'>ceux-el</span> <span class='ocrx_word' id='word_1_21' title='bbox 422 785 451 823; x_wconf 86' lang='lat' dir='ltr'>se</span> <span class='ocrx_word' id='word_1_22' title='bbox 463 755 661 823; x_wconf 77' lang='lat' dir='ltr'>eorrtentaient</span> <span class='ocrx_word' id='word_1_23' title='bbox 678 764 829 842; x_wconf 72' lang='lat' dir='ltr'>d’bgnrger</span> <span class='ocrx_word' id='word_1_24' title='bbox 843 783 900 823; x_wconf 77' lang='lat' dir='ltr'>eux</span> <span class='ocrx_word' id='word_1_25' title='bbox 915 785 972 825; x_wconf 82' lang='lat' dir='ltr'>nu-</span> 
     </span>
     <span class='ocr_line' id='line_1_8' title="bbox 108 859 973 944; baseline 0.001 -26"><span class='ocrx_word' id='word_1_26' title='bbox 108 860 162 918; x_wconf 89' lang='lat' dir='ltr'>tels</span> <span class='ocrx_word' id='word_1_27' title='bbox 175 859 211 919; x_wconf 89' lang='lat' dir='ltr'>de</span> <span class='ocrx_word' id='word_1_28' title='bbox 231 859 324 920; x_wconf 82' lang='lat' dir='ltr'>Dinne</span> <span class='ocrx_word' id='word_1_29' title='bbox 338 859 387 919; x_wconf 88' lang='lat' dir='ltr'>des</span> <span class='ocrx_word' id='word_1_30' title='bbox 406 860 537 919; x_wconf 80' lang='lat' dir='ltr'>victimes</span> <span class='ocrx_word' id='word_1_31' title='bbox 558 859 725 931; x_wconf 78' lang='lat' dir='ltr'>humeines,</span> <span class='ocrx_word' id='word_1_32' title='bbox 747 859 798 944; x_wconf 80' lang='lat' dir='ltr'>qni</span> <span class='ocrx_word' id='word_1_33' title='bbox 818 860 856 919; x_wconf 89' lang='lat' dir='ltr'>du</span> <span class='ocrx_word' id='word_1_34' title='bbox 876 859 973 921; x_wconf 87' lang='lat' dir='ltr'>moins</span> 
     </span>
     <span class='ocr_line' id='line_1_9' title="bbox 108 953 974 1034; baseline 0 -21"><span class='ocrx_word' id='word_1_35' title='bbox 108 955 218 1014; x_wconf 76' lang='lat' dir='ltr'>n&#39;onlb</span> <span class='ocrx_word' id='word_1_36' title='bbox 232 953 365 1014; x_wconf 80' lang='lat' dir='ltr'>eraindre</span> <span class='ocrx_word' id='word_1_37' title='bbox 376 975 432 1034; x_wconf 89' lang='lat' dir='ltr'>que</span> <span class='ocrx_word' id='word_1_38' title='bbox 446 955 473 1014; x_wconf 88' lang='lat' dir='ltr'>le</span> <span class='ocrx_word' id='word_1_39' title='bbox 487 956 717 1013; x_wconf 74' lang='lat' dir='ltr'>contenusnerei.</span> <span class='ocrx_word' id='word_1_40' title='bbox 734 954 796 1026; x_wconf 18' lang='lat' dir='ltr'>Quia</span> <span class='ocrx_word' id='word_1_41' title='bbox 807 954 880 1014; x_wconf 83' lang='lat' dir='ltr'>done</span> <span class='ocrx_word' id='word_1_42' title='bbox 892 955 974 1029; x_wconf 68' lang='lat' dir='ltr'>loma</span> 
     </span>
     <span class='ocr_line' id='line_1_10' title="bbox 108 1046 974 1126; baseline 0.001 -20"><span class='ocrx_word' id='word_1_43' title='bbox 108 1046 974 1126; x_wconf 50' lang='lat' dir='ltr'>hssfflmfflbmoeffifflwfflfflmeme</span> 
     </span>
     <span class='ocr_line' id='line_1_11' title="bbox 108 1139 971 1222; baseline 0.003 -24"><span class='ocrx_word' id='word_1_44' title='bbox 108 1139 197 1199; x_wconf 81' lang='lat' dir='ltr'>laim‘l</span> <span class='ocrx_word' id='word_1_45' title='bbox 209 1140 371 1213; x_wconf 75' lang='lat' dir='ltr'>etaient-ils</span> <span class='ocrx_word' id='word_1_46' title='bbox 384 1141 517 1218; x_wconf 77' lang='lat' dir='ltr'>assie&#39;ge&#39;s,</span> <span class='ocrx_word' id='word_1_47' title='bbox 536 1140 655 1200; x_wconf 86' lang='lat' dir='ltr'>investis</span> <span class='ocrx_word' id='word_1_48' title='bbox 666 1159 719 1221; x_wconf 85' lang='lat' dir='ltr'>par</span> <span class='ocrx_word' id='word_1_49' title='bbox 730 1162 788 1201; x_wconf 89' lang='lat' dir='ltr'>une</span> <span class='ocrx_word' id='word_1_50' title='bbox 804 1149 906 1222; x_wconf 85' lang='lat' dir='ltr'>troupe</span> <span class='ocrx_word' id='word_1_51' title='bbox 922 1162 971 1201; x_wconf 85' lang='lat' dir='ltr'>ar·</span> 
     </span>
     <span class='ocr_line' id='line_1_12' title="bbox 109 1233 972 1314; baseline 0.008 -24"><span class='ocrx_word' id='word_1_52' title='bbox 109 1235 174 1291; x_wconf 74' lang='lat' dir='ltr'>mee</span> <span class='ocrx_word' id='word_1_53' title='bbox 184 1233 267 1309; x_wconf 51' lang='grc' dir='ltr'>(Μ</span> <span class='ocrx_word' id='word_1_54' title='bbox 280 1233 507 1305; x_wconf 83' lang='lat' dir='ltr'>er&#39;eussenl-ils</span> <span class='ocrx_word' id='word_1_55' title='bbox 520 1234 572 1293; x_wconf 82' lang='lat' dir='ltr'>fnit</span> <span class='ocrx_word' id='word_1_56' title='bbox 584 1234 619 1294; x_wconf 85' lang='lat' dir='ltr'>de</span> <span class='ocrx_word' id='word_1_57' title='bbox 632 1234 698 1314; x_wconf 87' lang='lat' dir='ltr'>plus</span> <span class='ocrx_word' id='word_1_58' title='bbox 713 1234 735 1293; x_wconf 89' lang='lat' dir='ltr'>si</span> <span class='ocrx_word' id='word_1_59' title='bbox 751 1234 778 1293; x_wconf 94' lang='lat' dir='ltr'>le</span> <span class='ocrx_word' id='word_1_60' title='bbox 790 1234 837 1293; x_wconf 89' lang='lat' dir='ltr'>Nil</span> <span class='ocrx_word' id='word_1_61' title='bbox 855 1238 907 1294; x_wconf 80' lang='lat' dir='ltr'>erit</span> <span class='ocrx_word' id='word_1_62' title='bbox 922 1252 972 1298; x_wconf 83' lang='lat' dir='ltr'>re·</span> 
     </span>
     <span class='ocr_line' id='line_1_13' title="bbox 110 1326 972 1409; baseline 0.006 -25"><span class='ocrx_word' id='word_1_63' title='bbox 110 1326 175 1384; x_wconf 75' lang='lat' dir='ltr'>fuse</span> <span class='ocrx_word' id='word_1_64' title='bbox 189 1346 234 1386; x_wconf 87' lang='lat' dir='ltr'>ses</span> <span class='ocrx_word' id='word_1_65' title='bbox 256 1329 361 1386; x_wconf 72' lang='lat' dir='ltr'>eausb</span> <span class='ocrx_word' id='word_1_66' title='bbox 379 1327 480 1387; x_wconf 80' lang='lat' dir='ltr'>l’mide</span> <span class='ocrx_word' id='word_1_67' title='bbox 496 1328 661 1409; x_wconf 75' lang='lat' dir='ltr'><strong>Memphis?</strong></span> <span class='ocrx_word' id='word_1_68' title='bbox 676 1329 715 1388; x_wconf 82' lang='lat' dir='ltr'>Cn</span> <span class='ocrx_word' id='word_1_69' title='bbox 729 1349 787 1409; x_wconf 86' lang='lat' dir='ltr'>que</span> <span class='ocrx_word' id='word_1_70' title='bbox 804 1329 830 1389; x_wconf 88' lang='lat' dir='ltr'>le</span> <span class='ocrx_word' id='word_1_71' title='bbox 852 1329 972 1390; x_wconf 82' lang='lat' dir='ltr'>Cimbro</span> 
     </span>
     <span class='ocr_line' id='line_1_14' title="bbox 110 1420 974 1504; baseline 0.006 -25"><span class='ocrx_word' id='word_1_72' title='bbox 110 1420 240 1495; x_wconf 85' lang='lat' dir='ltr'>terrible‚</span> <span class='ocrx_word' id='word_1_73' title='bbox 259 1423 285 1480; x_wconf 91' lang='lat' dir='ltr'>le</span> <span class='ocrx_word' id='word_1_74' title='bbox 307 1422 386 1481; x_wconf 85' lang='lat' dir='ltr'>crnel</span> <span class='ocrx_word' id='word_1_75' title='bbox 408 1427 551 1494; x_wconf 71' lang='lat' dir='ltr'>Sanmite,</span> <span class='ocrx_word' id='word_1_76' title='bbox 568 1423 595 1483; x_wconf 91' lang='lat' dir='ltr'>le</span> <span class='ocrx_word' id='word_1_77' title='bbox 617 1425 724 1483; x_wconf 75' lang='lat' dir='ltr'>Biston</span> <span class='ocrx_word' id='word_1_78' title='bbox 741 1433 770 1483; x_wconf 90' lang='lat' dir='ltr'>et</span> <span class='ocrx_word' id='word_1_79' title='bbox 788 1423 974 1504; x_wconf 72' lang='lat' dir='ltr'>l’rlgathprse</span> 
     </span>
     <span class='ocr_line' id='line_1_15' title="bbox 109 1513 976 1598; baseline 0.007 -26"><span class='ocrx_word' id='word_1_80' title='bbox 109 1513 976 1598; x_wconf 50' lang='lat' dir='ltr'>mfflwfflfflmmmmmmmmmmwe</span> 
     </span>
     <span class='ocr_line' id='line_1_16' title="bbox 112 1610 976 1691; baseline 0.003 -24"><span class='ocrx_word' id='word_1_81' title='bbox 112 1618 203 1686; x_wconf 77' lang='lat' dir='ltr'>guent</span> <span class='ocrx_word' id='word_1_82' title='bbox 220 1610 290 1670; x_wconf 83' lang='lat' dir='ltr'>dens</span> <span class='ocrx_word' id='word_1_83' title='bbox 308 1631 352 1670; x_wconf 88' lang='lat' dir='ltr'>sus</span> <span class='ocrx_word' id='word_1_84' title='bbox 366 1618 463 1670; x_wconf 81' lang='lat' dir='ltr'>canois</span> <span class='ocrx_word' id='word_1_85' title='bbox 482 1610 602 1689; x_wconf 82' lang='lat' dir='ltr'>d&#39;urgilu</span> <span class='ocrx_word' id='word_1_86' title='bbox 618 1612 693 1688; x_wconf 68' lang='grc' dir='ltr'>(ἳὸ),</span> <span class='ocrx_word' id='word_1_87' title='bbox 708 1610 823 1671; x_wconf 69' lang='lat' dir='ltr'>decores</span> <span class='ocrx_word' id='word_1_88' title='bbox 837 1610 872 1670; x_wconf 88' lang='lat' dir='ltr'>de</span> <span class='ocrx_word' id='word_1_89' title='bbox 884 1610 976 1691; x_wconf 86' lang='lat' dir='ltr'>pein-</span> 
     </span>
     <span class='ocr_line' id='line_1_17' title="bbox 114 1704 533 1778; baseline 0.005 -17"><span class='ocrx_word' id='word_1_90' title='bbox 114 1710 206 1778; x_wconf 85' lang='lat' dir='ltr'>tures,</span> <span class='ocrx_word' id='word_1_91' title='bbox 222 1704 302 1764; x_wconf 80' lang='lat' dir='ltr'><strong>vient</strong></span> <span class='ocrx_word' id='word_1_92' title='bbox 316 1705 352 1765; x_wconf 90' lang='lat' dir='ltr'>de</span> <span class='ocrx_word' id='word_1_93' title='bbox 364 1706 533 1764; x_wconf 72' lang='lat' dir='ltr'>l&#39;execuler.</span> 
     </span>
    </p>

    <p class='ocr_par' dir='ltr' id='par_1_3' title="bbox 154 1798 974 1881">
     <span class='ocr_line' id='line_1_18' title="bbox 154 1798 974 1881; baseline 0.004 -23"><span class='ocrx_word' id='word_1_94' title='bbox 154 1798 974 1881; x_wconf 45' lang='lat' dir='ltr'>MUmmmffimmmmmmmmwffls</span> 
     </span>
    </p>
   </div>
   <div class='ocr_carea' id='block_1_3' title="bbox 112 1891 974 1971">
    <p class='ocr_par' dir='ltr' id='par_1_4' title="bbox 112 1891 974 1971">
     <span class='ocr_line' id='line_1_19' title="bbox 112 1891 974 1971; baseline 0.005 -21"><span class='ocrx_word' id='word_1_95' title='bbox 112 1891 214 1971; x_wconf 87' lang='lat' dir='ltr'><strong>dignes</strong></span> <span class='ocrx_word' id='word_1_96' title='bbox 237 1894 272 1954; x_wconf 89' lang='lat' dir='ltr'>de</span> <span class='ocrx_word' id='word_1_97' title='bbox 294 1915 340 1954; x_wconf 85' lang='lat' dir='ltr'>ees</span> <span class='ocrx_word' id='word_1_98' title='bbox 360 1903 513 1967; x_wconf 79' lang='lat' dir='ltr'>monstres,</span> <span class='ocrx_word' id='word_1_99' title='bbox 536 1894 607 1954; x_wconf 88' lang='lat' dir='ltr'>dont</span> <span class='ocrx_word' id='word_1_100' title='bbox 627 1895 653 1954; x_wconf 92' lang='lat' dir='ltr'>le</span> <span class='ocrx_word' id='word_1_101' title='bbox 669 1894 821 1955; x_wconf 85' lang='lat' dir='ltr'>lanatisme</span> <span class='ocrx_word' id='word_1_102' title='bbox 836 1905 877 1955; x_wconf 87' lang='lat' dir='ltr'>est</span> <span class='ocrx_word' id='word_1_103' title='bbox 892 1896 974 1956; x_wconf 87' lang='lat' dir='ltr'>eruel</span> 
     </span>
    </p>
   </div>
   <div class='ocr_carea' id='block_1_4' title="bbox 147 2076 877 3265">
    <p class='ocr_par' dir='ltr' id='par_1_5' title="bbox 147 2076 877 3265">
     <span class='ocr_line' id='line_1_20' title="bbox 247 2076 877 2138; baseline 0.003 -21"><span class='ocrx_word' id='word_1_104' title='bbox 247 2077 333 2117; x_wconf 83' lang='lat' dir='ltr'><strong>Nobilis</strong></span> <span class='ocrx_word' id='word_1_105' title='bbox 343 2076 379 2117; x_wconf 90' lang='lat' dir='ltr'>ille</span> <span class='ocrx_word' id='word_1_106' title='bbox 391 2081 464 2117; x_wconf 84' lang='lat' dir='ltr'>tamen</span> <span class='ocrx_word' id='word_1_107' title='bbox 472 2078 565 2130; x_wconf 83' lang='lat' dir='ltr'>populus</span> <span class='ocrx_word' id='word_1_108' title='bbox 574 2089 639 2129; x_wconf 91' lang='lat' dir='ltr'>quem</span> <span class='ocrx_word' id='word_1_109' title='bbox 651 2077 755 2128; x_wconf 84' lang='lat' dir='ltr'>diximus,</span> <span class='ocrx_word' id='word_1_110' title='bbox 764 2087 787 2119; x_wconf 89' lang='lat' dir='ltr'>et</span> <span class='ocrx_word' id='word_1_111' title='bbox 797 2091 836 2132; x_wconf 87' lang='lat' dir='ltr'>par</span> <span class='ocrx_word' id='word_1_112' title='bbox 874 2131 877 2138; x_wconf 38' lang='grc' dir='ltr'>Ι</span> 
     </span>
     <span class='ocr_line' id='line_1_21' title="bbox 219 2143 770 2200; baseline 0.007 -17"><span class='ocrx_word' id='word_1_113' title='bbox 219 2143 307 2184; x_wconf 80' lang='lat' dir='ltr'>Virtute</span> <span class='ocrx_word' id='word_1_114' title='bbox 317 2149 383 2196; x_wconf 80' lang='lat' dir='ltr'>atque</span> <span class='ocrx_word' id='word_1_115' title='bbox 394 2145 444 2194; x_wconf 78' lang='lat' dir='ltr'>fine,</span> <span class='ocrx_word' id='word_1_116' title='bbox 454 2147 491 2186; x_wconf 83' lang='lat' dir='ltr'>sed</span> <span class='ocrx_word' id='word_1_117' title='bbox 503 2148 573 2200; x_wconf 73' lang='lat' dir='ltr'>maior</span> <span class='ocrx_word' id='word_1_118' title='bbox 580 2146 643 2187; x_wconf 83' lang='lat' dir='ltr'>clade</span> <span class='ocrx_word' id='word_1_119' title='bbox 654 2147 770 2198; x_wconf 80' lang='lat' dir='ltr'>Saguntus</span> 
     </span>
     <span class='ocr_line' id='line_1_22' title="bbox 153 2199 695 2262; baseline 0.006 -13"><span class='ocrx_word' id='word_1_120' title='bbox 153 2211 193 2250; x_wconf 80' lang='lat'>115</span> <span class='ocrx_word' id='word_1_121' title='bbox 220 2210 274 2250; x_wconf 88' lang='lat' dir='ltr'>Tale</span> <span class='ocrx_word' id='word_1_122' title='bbox 282 2211 334 2262; x_wconf 93' lang='lat' dir='ltr'>quid</span> <span class='ocrx_word' id='word_1_123' title='bbox 347 2218 445 2253; x_wconf 83' lang='lat' dir='ltr'>excusat.</span> <span class='ocrx_word' id='word_1_124' title='bbox 457 2213 480 2251; x_wconf 90' lang='lat' dir='ltr'>M</span> <span class='ocrx_word' id='word_1_125' title='bbox 483 2199 561 2254; x_wconf 75' lang='lat' dir='ltr'>aentide</span> <span class='ocrx_word' id='word_1_126' title='bbox 571 2215 647 2254; x_wconf 81' lang='lat' dir='ltr'>saevior</span> <span class='ocrx_word' id='word_1_127' title='bbox 657 2225 695 2253; x_wconf 87' lang='lat' dir='ltr'>ara</span> 
     </span>
     <span class='ocr_line' id='line_1_23' title="bbox 219 2277 775 2330; baseline 0.004 -13"><span class='ocrx_word' id='word_1_128' title='bbox 219 2277 343 2330; x_wconf 84' lang='lat' dir='ltr'>AEgyptus:</span> <span class='ocrx_word' id='word_1_129' title='bbox 354 2279 434 2330; x_wconf 89' lang='lat' dir='ltr'>quippe</span> <span class='ocrx_word' id='word_1_130' title='bbox 445 2280 483 2319; x_wconf 88' lang='lat' dir='ltr'>illa</span> <span class='ocrx_word' id='word_1_131' title='bbox 491 2279 577 2319; x_wconf 79' lang='lat' dir='ltr'>nefandi</span> <span class='ocrx_word' id='word_1_132' title='bbox 589 2280 681 2320; x_wconf 79' lang='lat' dir='ltr'>Taurica</span> <span class='ocrx_word' id='word_1_133' title='bbox 692 2281 748 2319; x_wconf 87' lang='lat' dir='ltr'>sacri</span> <span class='ocrx_word' id='word_1_134' title='bbox 769 2317 775 2324; x_wconf 90' lang='grc'><em>,</em></span> 
     </span>
     <span class='ocr_line' id='line_1_24' title="bbox 219 2345 816 2399; baseline 0.007 -15"><span class='ocrx_word' id='word_1_135' title='bbox 219 2345 337 2392; x_wconf 78' lang='lat' dir='ltr'>Inventrix,</span> <span class='ocrx_word' id='word_1_136' title='bbox 349 2345 448 2385; x_wconf 85' lang='lat' dir='ltr'>homines</span> <span class='ocrx_word' id='word_1_137' title='bbox 460 2345 550 2399; x_wconf 81' lang='lat' dir='ltr'>(ntjnm</span> <span class='ocrx_word' id='word_1_138' title='bbox 562 2358 611 2398; x_wconf 82' lang='lat' dir='ltr'>quae</span> <span class='ocrx_word' id='word_1_139' title='bbox 622 2348 718 2387; x_wconf 87' lang='lat' dir='ltr'>carmina</span> <span class='ocrx_word' id='word_1_140' title='bbox 728 2346 816 2388; x_wconf 87' lang='lat' dir='ltr'>tradunt</span> 
     </span>
     <span class='ocr_line' id='line_1_25' title="bbox 218 2411 795 2467; baseline 0.003 -16"><span class='ocrx_word' id='word_1_141' title='bbox 218 2412 290 2463; x_wconf 78' lang='lat' dir='ltr'>Digna</span> <span class='ocrx_word' id='word_1_142' title='bbox 300 2411 342 2451; x_wconf 83' lang='lat' dir='ltr'>lide</span> <span class='ocrx_word' id='word_1_143' title='bbox 351 2412 440 2467; x_wconf 66' lang='lat' dir='ltr'>credas)</span> <span class='ocrx_word' id='word_1_144' title='bbox 451 2418 536 2453; x_wconf 84' lang='lat' dir='ltr'>tantum</span> <span class='ocrx_word' id='word_1_145' title='bbox 547 2413 654 2463; x_wconf 84' lang='lat' dir='ltr'>immolat,</span> <span class='ocrx_word' id='word_1_146' title='bbox 663 2413 755 2454; x_wconf 86' lang='lat' dir='ltr'>ulterius</span> <span class='ocrx_word' id='word_1_147' title='bbox 765 2414 795 2453; x_wconf 88' lang='lat' dir='ltr'>nil</span> 
     </span>
     <span class='ocr_line' id='line_1_26' title="bbox 218 2480 823 2530; baseline 0.003 -11"><span class='ocrx_word' id='word_1_148' title='bbox 218 2480 265 2520; x_wconf 88' lang='lat' dir='ltr'>Aut</span> <span class='ocrx_word' id='word_1_149' title='bbox 275 2480 362 2530; x_wconf 85' lang='lat' dir='ltr'>gravius</span> <span class='ocrx_word' id='word_1_150' title='bbox 372 2481 442 2522; x_wconf 90' lang='lat' dir='ltr'>cultro</span> <span class='ocrx_word' id='word_1_151' title='bbox 452 2483 514 2522; x_wconf 87' lang='lat' dir='ltr'>timet</span> <span class='ocrx_word' id='word_1_152' title='bbox 526 2482 605 2522; x_wconf 85' lang='lat' dir='ltr'>hostia.</span> <span class='ocrx_word' id='word_1_153' title='bbox 616 2482 671 2530; x_wconf 79' lang='lat' dir='ltr'>Quis</span> <span class='ocrx_word' id='word_1_154' title='bbox 683 2482 747 2522; x_wconf 78' lang='lat' dir='ltr'>molo</span> <span class='ocrx_word' id='word_1_155' title='bbox 759 2493 823 2521; x_wconf 83' lang='lat' dir='ltr'>casus</span> 
     </span>
     <span class='ocr_line' id='line_1_27' title="bbox 152 2546 785 2600; baseline 0.005 -15"><span class='ocrx_word' id='word_1_156' title='bbox 152 2546 191 2586; x_wconf 79' lang='lat'>120</span> <span class='ocrx_word' id='word_1_157' title='bbox 219 2547 310 2600; x_wconf 85' lang='lat' dir='ltr'>Impulit</span> <span class='ocrx_word' id='word_1_158' title='bbox 318 2548 371 2588; x_wconf 75' lang='lat' dir='ltr'>bos?</span> <span class='ocrx_word' id='word_1_159' title='bbox 381 2547 435 2596; x_wconf 76' lang='lat' dir='ltr'>Qnae</span> <span class='ocrx_word' id='word_1_160' title='bbox 448 2553 508 2590; x_wconf 86' lang='lat' dir='ltr'>tanta</span> <span class='ocrx_word' id='word_1_161' title='bbox 518 2548 586 2588; x_wconf 87' lang='lat' dir='ltr'>lames</span> <span class='ocrx_word' id='word_1_162' title='bbox 598 2548 719 2600; x_wconf 79' lang='lat' dir='ltr'>infestaque</span> <span class='ocrx_word' id='word_1_163' title='bbox 730 2548 785 2588; x_wconf 86' lang='lat' dir='ltr'>vallo</span> 
     </span>
     <span class='ocr_line' id='line_1_28' title="bbox 219 2607 736 2666; baseline 0.004 -12"><span class='ocrx_word' id='word_1_164' title='bbox 219 2614 287 2655; x_wconf 83' lang='lat' dir='ltr'>Arma</span> <span class='ocrx_word' id='word_1_165' title='bbox 295 2607 411 2666; x_wconf 75' lang='lat' dir='ltr'>coegerunt</span> <span class='ocrx_word' id='word_1_166' title='bbox 421 2620 466 2655; x_wconf 86' lang='lat' dir='ltr'>tam</span> <span class='ocrx_word' id='word_1_167' title='bbox 478 2615 607 2656; x_wconf 85' lang='lat' dir='ltr'>detestabile</span> <span class='ocrx_word' id='word_1_168' title='bbox 618 2619 736 2656; x_wconf 87' lang='lat' dir='ltr'>monstrum</span> 
     </span>
     <span class='ocr_line' id='line_1_29' title="bbox 218 2681 774 2735; baseline 0.004 -15"><span class='ocrx_word' id='word_1_169' title='bbox 218 2681 315 2724; x_wconf 78' lang='lat' dir='ltr'>Andere.</span> <span class='ocrx_word' id='word_1_170' title='bbox 326 2683 389 2722; x_wconf 83' lang='lat' dir='ltr'>Anne</span> <span class='ocrx_word' id='word_1_171' title='bbox 399 2683 471 2732; x_wconf 81' lang='lat' dir='ltr'>aliam,</span> <span class='ocrx_word' id='word_1_172' title='bbox 484 2687 541 2723; x_wconf 81' lang='lat' dir='ltr'>terra</span> <span class='ocrx_word' id='word_1_173' title='bbox 551 2682 698 2735; x_wconf 82' lang='lat' dir='ltr'>Memphitide</span> <span class='ocrx_word' id='word_1_174' title='bbox 708 2683 774 2731; x_wconf 78' lang='lat' dir='ltr'>sicea,</span> 
     </span>
     <span class='ocr_line' id='line_1_30' title="bbox 219 2748 696 2801; baseline 0.002 -14"><span class='ocrx_word' id='word_1_175' title='bbox 219 2748 328 2789; x_wconf 81' lang='lat' dir='ltr'>Invidiam</span> <span class='ocrx_word' id='word_1_176' title='bbox 337 2749 432 2790; x_wconf 83' lang='lat' dir='ltr'>facerent</span> <span class='ocrx_word' id='word_1_177' title='bbox 441 2750 523 2790; x_wconf 89' lang='lat' dir='ltr'>nolenti</span> <span class='ocrx_word' id='word_1_178' title='bbox 534 2761 622 2801; x_wconf 82' lang='lat' dir='ltr'>surgere</span> <span class='ocrx_word' id='word_1_179' title='bbox 632 2749 696 2789; x_wconf 72' lang='lat' dir='ltr'>Nilo?</span> 
     </span>
     <span class='ocr_line' id='line_1_31' title="bbox 217 2814 800 2865; baseline 0 -11"><span class='ocrx_word' id='word_1_180' title='bbox 217 2814 265 2862; x_wconf 76' lang='lat' dir='ltr'>Qua</span> <span class='ocrx_word' id='word_1_181' title='bbox 275 2826 314 2855; x_wconf 90' lang='lat' dir='ltr'>nec</span> <span class='ocrx_word' id='word_1_182' title='bbox 324 2817 432 2857; x_wconf 83' lang='lat' dir='ltr'>terribiles</span> <span class='ocrx_word' id='word_1_183' title='bbox 441 2816 531 2859; x_wconf 85' lang='lat' dir='ltr'>Cimbri,</span> <span class='ocrx_word' id='word_1_184' title='bbox 543 2827 582 2855; x_wconf 84' lang='lat' dir='ltr'>nce</span> <span class='ocrx_word' id='word_1_185' title='bbox 595 2816 693 2854; x_wconf 88' lang='lat' dir='ltr'>Britones</span> <span class='ocrx_word' id='word_1_186' title='bbox 705 2826 800 2865; x_wconf 63' lang='lat' dir='ltr'>unquam</span> 
     </span>
     <span class='ocr_line' id='line_1_32' title="bbox 155 2880 796 2934; baseline 0 -12"><span class='ocrx_word' id='word_1_187' title='bbox 155 2882 194 2922; x_wconf 78' lang='lat'>125</span> <span class='ocrx_word' id='word_1_188' title='bbox 221 2880 400 2934; x_wconf 74' lang='lat' dir='ltr'>Sauromataeque</span> <span class='ocrx_word' id='word_1_189' title='bbox 411 2886 490 2932; x_wconf 84' lang='lat' dir='ltr'>truces,</span> <span class='ocrx_word' id='word_1_190' title='bbox 504 2888 542 2923; x_wconf 88' lang='lat' dir='ltr'>aut</span> <span class='ocrx_word' id='word_1_191' title='bbox 552 2883 656 2921; x_wconf 87' lang='lat' dir='ltr'>immanes</span> <span class='ocrx_word' id='word_1_192' title='bbox 666 2881 796 2932; x_wconf 78' lang='lat' dir='ltr'>Agathyrsi.</span> 
     </span>
     <span class='ocr_line' id='line_1_33' title="bbox 219 2946 727 2996; baseline -0.006 -9"><span class='ocrx_word' id='word_1_193' title='bbox 219 2947 268 2987; x_wconf 86' lang='lat' dir='ltr'>Hae</span> <span class='ocrx_word' id='word_1_194' title='bbox 278 2949 338 2988; x_wconf 77' lang='lat' dir='ltr'>saeuit</span> <span class='ocrx_word' id='word_1_195' title='bbox 349 2948 408 2988; x_wconf 88' lang='lat' dir='ltr'>rabie</span> <span class='ocrx_word' id='word_1_196' title='bbox 419 2948 507 2988; x_wconf 84' lang='lat' dir='ltr'>imbelle</span> <span class='ocrx_word' id='word_1_197' title='bbox 517 2952 539 2988; x_wconf 89' lang='lat' dir='ltr'>et</span> <span class='ocrx_word' id='word_1_198' title='bbox 552 2947 629 2986; x_wconf 85' lang='lat' dir='ltr'>inutile</span> <span class='ocrx_word' id='word_1_199' title='bbox 641 2946 727 2996; x_wconf 80' lang='lat' dir='ltr'>vulgus,</span> 
     </span>
     <span class='ocr_line' id='line_1_34' title="bbox 147 3001 758 3065; baseline -0.003 -12"><span class='ocrx_word' id='word_1_200' title='bbox 147 3001 149 3006; x_wconf 56' lang='grc'><strong>’</strong></span> <span class='ocrx_word' id='word_1_201' title='bbox 219 3013 313 3053; x_wconf 79' lang='lat' dir='ltr'>Parvula</span> <span class='ocrx_word' id='word_1_202' title='bbox 322 3013 426 3055; x_wconf 81' lang='lat' dir='ltr'>fictilibus</span> <span class='ocrx_word' id='word_1_203' title='bbox 436 3015 524 3055; x_wconf 85' lang='lat' dir='ltr'>solitum</span> <span class='ocrx_word' id='word_1_204' title='bbox 537 3014 588 3055; x_wconf 87' lang='lat' dir='ltr'>dare</span> <span class='ocrx_word' id='word_1_205' title='bbox 598 3013 646 3053; x_wconf 75' lang='lat' dir='ltr'>tela</span> <span class='ocrx_word' id='word_1_206' title='bbox 656 3013 758 3065; x_wconf 86' lang='lat' dir='ltr'>phaselis,</span> 
     </span>
     <span class='ocr_line' id='line_1_35' title="bbox 217 3077 721 3133; baseline 0 -13"><span class='ocrx_word' id='word_1_207' title='bbox 217 3077 246 3120; x_wconf 85' lang='lat' dir='ltr'>Et</span> <span class='ocrx_word' id='word_1_208' title='bbox 257 3081 357 3121; x_wconf 82' lang='lat' dir='ltr'>brevibus</span> <span class='ocrx_word' id='word_1_209' title='bbox 368 3083 431 3133; x_wconf 83' lang='lat' dir='ltr'>pictae</span> <span class='ocrx_word' id='word_1_210' title='bbox 442 3083 506 3122; x_wconf 80' lang='lat' dir='ltr'>remis</span> <span class='ocrx_word' id='word_1_211' title='bbox 518 3081 642 3122; x_wconf 84' lang='lat' dir='ltr'>incumbere</span> <span class='ocrx_word' id='word_1_212' title='bbox 651 3084 721 3121; x_wconf 83' lang='lat' dir='ltr'>testae.</span> 
     </span>
     <span class='ocr_line' id='line_1_36' title="bbox 246 3145 810 3198; baseline 0 -13"><span class='ocrx_word' id='word_1_213' title='bbox 246 3145 294 3185; x_wconf 84' lang='lat' dir='ltr'>Nec</span> <span class='ocrx_word' id='word_1_214' title='bbox 305 3147 391 3197; x_wconf 85' lang='lat' dir='ltr'>poenam</span> <span class='ocrx_word' id='word_1_215' title='bbox 401 3146 476 3186; x_wconf 83' lang='lat' dir='ltr'>sceleri</span> <span class='ocrx_word' id='word_1_216' title='bbox 486 3148 589 3195; x_wconf 84' lang='lat' dir='ltr'>invenies,</span> <span class='ocrx_word' id='word_1_217' title='bbox 598 3158 638 3187; x_wconf 85' lang='lat' dir='ltr'>nee</span> <span class='ocrx_word' id='word_1_218' title='bbox 648 3146 713 3197; x_wconf 87' lang='lat' dir='ltr'>digna</span> <span class='ocrx_word' id='word_1_219' title='bbox 722 3146 810 3198; x_wconf 87' lang='lat' dir='ltr'>parabis</span> 
     </span>
     <span class='ocr_line' id='line_1_37' title="bbox 153 3211 831 3265; baseline 0.001 -13"><span class='ocrx_word' id='word_1_220' title='bbox 153 3213 192 3252; x_wconf 81' lang='lat'>130</span> <span class='ocrx_word' id='word_1_221' title='bbox 220 3211 330 3263; x_wconf 84' lang='lat' dir='ltr'>Supplicia</span> <span class='ocrx_word' id='word_1_222' title='bbox 340 3212 374 3250; x_wconf 87' lang='lat' dir='ltr'>his</span> <span class='ocrx_word' id='word_1_223' title='bbox 388 3212 481 3263; x_wconf 87' lang='lat' dir='ltr'>populis,</span> <span class='ocrx_word' id='word_1_224' title='bbox 494 3214 615 3264; x_wconf 83' lang='lat' dir='ltr'>inquorum</span> <span class='ocrx_word' id='word_1_225' title='bbox 627 3220 699 3254; x_wconf 82' lang='lat' dir='ltr'>niente</span> <span class='ocrx_word' id='word_1_226' title='bbox 708 3224 771 3265; x_wconf 81' lang='lat' dir='ltr'>pares</span> <span class='ocrx_word' id='word_1_227' title='bbox 781 3217 831 3253; x_wconf 86' lang='lat' dir='ltr'>sunt</span> 
     </span>
    </p>
   </div>
   <div class='ocr_carea' id='block_1_5' title="bbox 0 0 1155 3650">
    <p class='ocr_par' dir='ltr' id='par_1_6' title="bbox 0 0 1155 3650">
     <span class='ocr_line' id='line_1_38' title="bbox 0 0 1155 3650; baseline 0 0"><span class='ocrx_word' id='word_1_228' title='bbox 0 0 1155 3650; x_wconf 95' lang='lat' dir='ltr'> </span> 
     </span>
    </p>
   </div>
  </div>
 </body>
</html>
