2284 3650
183 120 231 171 528
514 109 634 159 sanna
649 109 713 158 xlv.

183 210 323 272 vieillesse
337 208 476 270 dternelie
488 213 531 266 est
543 226 585 264 uu
596 211 746 265 tourmeut
757 204 828 285 qu'ii
842 225 881 266 ne
896 214 981 286 peut
993 207 1070 289 pius
1125 238 1126 241 ¹

184 299 1069 380 souffrir.Veux-tugudterencurelesfruitsdel'automne
1125 320 1126 341 r

185 409 214 462 et
228 398 343 460 cucillir
355 397 396 457 les
410 416 488 457 ruses
505 394 546 454 du
564 394 745 475 printemps‘t
756 414 840 455 cuurs
856 395 935 455 chez
952 397 1071 457 Archi-

184 499 257 576 gene
275 495 354 573 (55),
381 499 411 551 et
429 491 548 569 songea
567 496 595 549 te
619 487 757 568 puurvoir
773 488 813 548 du
829 490 1068 570 contre-poison
1125 516 1126 529 ¹

184 591 302 649 invente
318 607 370 667 par
384 584 553 653 Mithridate
562 584 637 661 (54).
655 585 740 643 P'ures
754 590 783 642 et
795 581 864 656 reis,
880 592 978 644 avant
991 584 1069 645 cha·
1125 652 1126 655 Ἴ

183 677 665 765 querepasavaluzdel'antidote.
861 752 867 763 ·
1125 666 1126 677 ¹

224 777 426 836 Voulez-vous
443 795 485 832 un
499 772 639 853 spectade
654 772 720 852 pius
731 771 809 832 varie
822 792 880 852 que
896 780 1005 834 tentes
1020 775 1064 835 tes

184 874 256 933 t'dtes
272 869 400 930 donne'es
411 868 482 927 dans
502 868 528 926 lc
542 866 643 946 cirque
658 885 696 925 ou
712 886 761 925 sur
774 866 802 924 iu
816 869 900 927 scene
916 887 978 947 par
992 868 1061 928 l'uu

185 965 220 1026 de
239 984 290 1024 nes
311 963 407 1022 riches
424 962 577 1042 preteurs‘t
591 958 667 1039 jetez
686 959 728 1019 les
744 980 819 1040 yeux
835 980 886 1019 sur
902 960 948 1021 les
965 961 1062 1042 petiis

186 1058 360 1139 qu'aiiruute
373 1055 505 1115 i'avmice
520 1075 595 1133 pour
609 1055 746 1113 accroitre
761 1074 804 1113 ses
815 1053 910 1128 hiens,
924 1063 958 1114 et
973 1076 1060 1116 rem-

185 1149 243 1230 plir
263 1169 305 1207 un
320 1147 483 1206 entire-sort
502 1146 609 1225 qu'elie
628 1166 657 1206 se
676 1153 791 1226 promet
811 1145 846 1206 de
865 1146 997 1227 de'puser
1015 1168 1056 1208 uu

183 1244 251 1322 jour
263 1241 334 1301 dans
346 1245 372 1302 le
388 1240 494 1320 temple
510 1240 545 1299 de
559 1240 669 1314 Castor,
681 1240 746 1321 pius
761 1240 881 1320 vigilant
898 1261 961 1321 que
978 1244 1057 1303 Mars

186 1337 213 1397 le
228 1333 521 1415 veugeu1·(55)‚qui‚
537 1334 656 1414 u'ayant
672 1355 712 1414 pu
730 1355 881 1396 conserver
894 1355 940 1395 ses
955 1337 1054 1410 etiem,

187 1431 283 1513 perdit
295 1431 415 1512 jusqu'a
428 1450 479 1490 sun
491 1449 605 1509 casque.
621 1428 733 1489 Laissez
745 1424 819 1490 donc
833 1430 861 1490 lt
877 1431 919 1490 ies
928 1431 1005 1509 jeux
1019 1432 1056 1492 de

188 1528 283 1599 Flore,
302 1525 338 1586 de
357 1526 442 1585 Ceres
465 1531 494 1583 et
516 1523 552 1582 de
578 1522 684 1602 Cybele
697 1525 777 1601 (56):
797 1523 824 1582 ia
842 1523 888 1583 vie
905 1523 1055 1586 hunitune

187 1621 258 1681 effre
270 1619 339 1680 bien
353 1618 480 1678 d'uutres
490 1617 577 1696 jeux!

229 1713 312 1773 Est-ii
329 1712 394 1793 plus
406 1710 589 1771 divertissent
597 1711 633 1771 de
641 1711 703 1771 vuir
711 1710 760 1770 des
768 1710 928 1791 vuitigeurs
936 1714 1005 1791 (57)
1015 1733 1052 1773 uu

185 1807 234 1869 des
244 1807 383 1884 danserri‘s
393 1806 428 1867 de
442 1804 526 1867 corde
537 1805 630 1887 qu'un
640 1805 759 1867 homme
768 1827 917 1867 sanscesse
930 1806 1053 1870 balance'

187 1922 235 1960 sur
244 1902 270 1960 la
279 1897 558 1981 pouped'unnavire
567 1899 725 1973 cretensem
735 1900 1054 1962 huttedlafureurdes

295 2128 308 2169 J
310 2142 344 2169 am
354 2120 440 2182 torquet
448 2131 550 2184 juvenem
561 2130 626 2183 Iunge
635 2135 657 2172 et
666 2130 752 2171 ceruina
760 2132 866 2172 senectus.

295 2197 368 2249 Oryus
378 2199 524 2250 Archigenem
535 2211 615 2251 quaere,
627 2202 694 2250 atque
704 2204 752 2239 eme
761 2197 818 2249 quod
830 2196 976 2238 Mithridates

295 2264 430 2316 Composuit,
441 2266 501 2304 siris
512 2266 578 2306 aliam
588 2266 702 2319 decerpere
713 2267 786 2314 ticum,

295 2332 370 2382 Atque
380 2332 434 2371 alias
444 2335 538 2373 tractate
546 2329 614 2386 rasas,
627 2332 762 2373 medicamen
773 2331 897 2372 habendum
908 2335 952 2380 eit,

228 2400 268 2440 255
295 2398 387 2439 Sorbere
398 2403 447 2439 ante
456 2400 530 2440 cibum
540 2400 600 2451 quod
610 2400 689 2441 debeat
699 2403 722 2441 et
732 2404 793 2453 pater
803 2402 825 2439 et
835 2408 881 2439 rex.

323 2466 423 2507 Monstro
431 2467 567 2520 voluptatem
577 2470 694 2520 egregiam,
705 2469 740 2509 cui
750 2467 809 2509 nulla
819 2456 914 2520 theatra,

295 2534 364 2576 Nulla
374 2546 460 2585 aequare
471 2546 539 2586 queas
548 2536 648 2588 praetoris
659 2536 746 2589 pulpita
756 2534 818 2588 lauti,

294 2602 318 2642 Si
329 2607 414 2655 spectes
425 2607 509 2654 quanto
517 2603 597 2655 capitis
606 2599 730 2652 discrimine
739 2604 837 2656 constppp

295 2670 430 2710 Incrementa
441 2669 526 2728 dumus,
539 2672 606 2724 prata
617 2670 700 2725 pinitus
711 2670 732 2709 in
743 2680 793 2725 appa

177 2749 187 2765 ·
227 2736 267 2775 260
295 2736 378 2784 Fiscus,
390 2739 412 2775 et
424 2735 451 2775 ad
459 2724 551 2796 ¹vigilem
562 2735 655 2789 ponendi
665 2736 756 2791 Castpra
764 2739 862 2789 nummi:

296 2804 331 2843 Ex
339 2815 383 2863 quc
395 2803 457 2844 Mars
466 2805 523 2861 uitur
532 2806 616 2860 galeam
625 2801 713 2858 durique
721 2806 824 2859 perdidit,
836 2811 858 2855 et
869 2820 903 2858 res

295 2871 345 2922 an
355 2872 427 2923 potuit
438 2882 523 2919 servare
533 2884 592 2913 suas.
602 2872 660 2923 Ergo
672 2873 744 2916 omnia
754 2872 824 2915 Finrae
874 2863 877 2868 ⁵
889 2863 892 2868 ’

295 2938 325 2977 Et
334 2937 419 2980 Cereris
428 2938 488 2988 licet,
501 2942 523 2979 et
531 2939 625 2991 Cybeles
635 2939 704 2979 aulaea
714 2940 837 2990 relinquas;

295 3003 366 3044 Tanto
377 3005 469 3060 majppes
477 3006 572 3063 humana
582 3008 669 3057 negotia
678 3006 736 3047 ludi!

228 3070 268 3110 265
322 3070 358 3110 An
367 3073 437 3121 magis
446 3073 557 3113 oblectant
567 3060 663 3124 animum
671 3076 758 3126 jactata
767 3079 861 3128 petauro.

295 3132 398 3204 Corpora3
409 3138 490 3194 quique
502 3140 570 3195 solent
582 3145 667 3197 rectum
676 3140 806 3198 descendere
817 3140 901 3205 sunem*
