2284 3650
171 188 219 239 5⁴0
502 186 618 235 stultu
635 185 700 235 xtv.

171 287 214 348 tui
230 287 281 369 qui
294 286 406 366 gerduit
420 287 447 346 ia
459 286 670 347 toisonetuient
684 284 779 345 moins
790 284 959 365 vigilants.
969 286 1077 367 Ajou-

172 389 216 441 tez
226 402 284 462 que
294 382 321 441 te
329 380 459 460 vulgaire
465 378 711 460 contempleceiui
720 379 791 439 dont
799 379 818 438 n
828 379 925 459 s'egit
934 401 1074 442 comme

172 495 213 535 un
225 475 331 535 artisan
346 474 443 534 habite
457 482 485 534 et
497 473 662 534 venernhle.
675 505 717 520 -
729 473 806 533 C'est
823 493 862 532 en
881 475 970 534 effet
993 496 1073 537 sous

171 568 212 629 les
228 568 322 628 mains
335 568 371 629 de
383 567 488 648 pereits
504 566 705 647 omnemque
720 566 851 626 l’onvoit
867 569 997 629 croitre
1024 569 1070 629 les

172 661 384 740 fortunes(16).
400 695 439 707 —
452 660 524 721 Meis
539 663 706 721 comment?
723 679 775 741 por
789 666 888 721 tontes
899 670 1015 723 sortes
1028 663 1068 724 de

171 774 308 834 moyem3
324 775 410 815 enne
425 754 552 836 quittunt
565 773 616 834 pas
628 774 670 813 un
681 753 791 812 instant
806 753 847 813 les
861 755 1019 815 soufflets
1035 763 1066 817 et

171 847 339 909 l'enclume.
352 848 445 921 Ainsi,
462 847 614 908 n'ndorant
628 868 684 928 que
697 847 724 907 lu
739 848 880 920 Fortune‚
893 849 1064 928 persuade

122 940 128 951 ‘
171 943 265 1022 qu'un
280 964 388 1024 pauvre
400 943 533 1003 heureux
545 949 588 1002 est
598 961 664 1001 sens
676 942 818 1021 exemple,
831 949 860 1001 et
871 942 958 1022 qu'il
973 945 1062 1025 n'ye

171 1035 207 1096 de
221 1036 367 1098 vreiment
380 1036 499 1097 satisfuit
511 1056 569 1116 qne
584 1035 611 1096 le
624 1055 707 1101 coeur
721 1034 771 1096 des
785 1054 898 1108 avares,
916 1057 971 1097 nn
986 1041 1062 1119 pere

171 1149 208 1191 ne
223 1134 299 1193 cesse
318 1130 485 1191 d'enhorter
499 1151 543 1191 ses
561 1131 675 1191 ensants
696 1130 715 1192 d
733 1128 867 1189 marchei·
889 1149 947 1189 sur
973 1131 1071 1193 leurs·

171 1229 273 1295 truces,
289 1225 347 1282 dse
357 1222 472 1301 joindre
486 1225 503 1283 {a
515 1225 581 1285 leur
595 1230 682 1284 secte.

213 1316 253 1374 Le
265 1314 327 1376 vice
341 1319 437 1376 meme
460 1337 476 1377 a
498 1337 542 1377 ses
557 1316 721 1397 principes:
739 1335 771 1376 ce
786 1319 854 1396 pere
872 1335 904 1375 se
921 1317 1003 1378 hdte
1016 1318 1055 1380 de

173 1408 212 1470 ies
227 1409 290 1470 leur
302 1409 468 1492 incuiquer,
485 1412 526 1472 les
540 1412 652 1485 torpent
666 1409 857 1490 d'epprendre
872 1409 1051 1491 jusqu'aux

173 1503 319 1566 moindres
338 1506 440 1566 details
459 1506 494 1566 de
511 1505 639 1565 l‘interet
653 1506 680 1564 le
695 1504 760 1584 plus
774 1502 908 1565 sordide:
931 1506 1008 1584 puis
1028 1506 1049 1566 n

172 1599 534 1680 leurinspirel'insatiehie
546 1600 623 1660 desii·
637 1599 686 1658 des
698 1598 846 1658 richesses.
866 1597 889 1656 ΙΙ
902 1606 1045 1681 ,trompe‚

172 1711 240 1752 aveo
255 1713 313 1754 une
328 1695 421 1754 iuusse
436 1714 563 1765 mesure,
581 1693 609 1752 le
622 1692 693 1751 seim
709 1691 803 1752 deses
818 1683 945 1752 esclave's
962 1695 1043 1771 (tt),

172 1791 212 1859 et,
223 1794 359 1862 mourant
372 1786 407 1847 de
416 1787 485 1847 inim
495 1785 659 1860 lui-meme,
673 1783 692 1843 il
706 1791 833 1865 respecte
846 1804 886 1843 un
895 1804 1041 1848 monceau

172 1877 207 1938 de
219 1880 287 1958 puin
299 1881 343 1940 bis
354 1889 383 1942 et
394 1881 490 1941 moisi.
500 1882 546 1941 Au
558 1880 660 1960 mitieu
672 1879 707 1939 de
718 1878 883 1959 septembre
893 1879 913 1937 it
923 1883 1042 1942 re'servc

173 1991 246 2048 pour
255 1973 282 2032 le
295 1963 459 2034 tendemniu
473 1975 513 2034 les
526 1981 615 2034 restes
629 1973 701 2033 d'un
715 1969 826 2045 bochis,
841 1970 914 2031 d'un
930 1974 995 2054 plat
1006 1975 1041 2035 dc

215 2138 253 2176 115
281 2137 330 2187 Quo
338 2140 422 2191 loquor,
434 2142 544 2192 egregium
556 2140 650 2194 populus
661 2141 725 2192 putat
735 2141 801 2190 atque
810 2138 928 2180 verendum

280 2205 402 2255 Artificem,
413 2210 494 2260 quippe
506 2209 540 2248 his
551 2211 653 2249 crescunt
663 2207 793 2259 patrimonia
804 2205 885 2246 fabris:

279 2271 322 2313 Sed
331 2279 430 2314 crescunt
441 2286 579 2327 quocumque
590 2275 663 2324 modo,
674 2276 800 2327 majoraque
811 2274 866 2314 fiunt

281 2339 363 2381 Iucude
373 2340 461 2381 assidua
469 2352 597 2395 semperque
606 2342 696 2383 ardente
705 2342 797 2383 camino.
880 2343 883 2349 “

187 2429 191 2432 Δ
281 2407 311 2448 Et
321 2412 383 2460 pater
394 2418 445 2458 ergo
454 2409 520 2447 animi
533 2407 608 2448 felices
617 2408 688 2449 credit
696 2419 779 2457 uteros,

217 2476 254 2515 teo
280 2475 323 2525 Qui
332 2476 422 2516 miratur
432 2487 492 2528 opes,
502 2476 540 2526 qul
550 2475 610 2515 nulla
620 2475 723 2529 exempla
731 2476 790 2516 beati

281 2543 387 2597 Pauperis
398 2556 445 2585 esse
455 2548 519 2597 putat
530 2556 535 2583 z
543 2544 636 2600 juvenes
644 2545 744 2585 hortetur
756 2546 780 2583 ut
790 2542 850 2583 illem

282 2610 316 2650 lre
326 2612 383 2650 viam
393 2615 491 2664 pergant,
502 2616 524 2652 et
534 2609 606 2651 eidem
617 2610 742 2652 incumbere
753 2613 825 2664 secte.

308 2676 363 2718 Sunt
372 2678 472 2729 quaedam
483 2679 586 2718 vitiorum
595 2678 710 2728 elementa;
727 2678 761 2718 his
772 2678 870 2730 protinus
880 2678 930 2718 illos

250 2779 254 2784 .
280 2745 371 2795 imbuit,
384 2751 407 2787 et
417 2747 475 2798 cogit
486 2747 586 2786 minimas
596 2745 693 2786 ediscere
705 2744 778 2785 sordes
783 2758 790 2794 ;

216 2811 254 2851 125
282 2811 337 2853 Mox
349 2813 475 2863 acquirendi
485 2808 552 2854 docet
560 2813 684 2854 insatlnbile
693 2816 775 2854 votum.

281 2878 396 2920 Servorum
406 2886 491 2922 ventres
502 2880 575 2922 modio
584 2881 678 2932 castigat
690 2880 771 2932 iniquo,

281 2945 332 2998 Ipse
340 2957 428 2999 quoqne
438 2950 534 2991 esuriens
540 2960 546 2999 ς
555 2959 626 2999 neque
635 2949 693 3002 epim
705 2948 777 2987 omnin
787 2948 880 2988 sustinet
889 2958 980 2998 unquam

283 3011 375 3052 Mucida
383 3014 469 3054 caerulei
479 3016 541 3067 panis
551 3025 677 3055 consumere
687 3012 763 3063 frusta,

282 3078 414 3120 Hesternum
425 3082 502 3122 solitus
511 3082 584 3122 medio
594 3092 679 3122 servare
689 3078 780 3121 minutal

216 3147 255 3187 130
281 3145 411 3197 Septembri,
421 3157 461 3186 nec
472 3158 514 3186 non
526 3147 615 3189 differre
624 3149 646 3188 in
655 3152 753 3201 tempora
763 3159 830 3187 coenae

282 3212 381 3253 Alterius
391 3212 494 3252 conchem
505 3214 603 3254 (estivam
612 3225 662 3255 cum
671 3219 734 3267 parte
742 3213 817 3255 lacerti
