<?xml version="1.0" encoding="UTF-8"?>
<!DOCTYPE html PUBLIC "-//W3C//DTD XHTML 1.0 Transitional//EN"
    "http://www.w3.org/TR/xhtml1/DTD/xhtml1-transitional.dtd">
<html xmlns="http://www.w3.org/1999/xhtml" xml:lang="en" lang="en">
 <head>
  <title>
</title>
<meta http-equiv="Content-Type" content="text/html;charset=utf-8" />
  <meta name='ocr-system' content='tesseract 3.04.00' />
  <meta name='ocr-capabilities' content='ocr_page ocr_carea ocr_par ocr_line ocrx_word'/>
</head>
<body>
  <div class='ocr_page' id='page_1' title='image "./persesatires00juvegoog_0041.png"; bbox 0 0 2284 3650; ppageno 0'>
   <div class='ocr_carea' id='block_1_1' title="bbox 477 123 978 175">
    <p class='ocr_par' dir='ltr' id='par_1_1' title="bbox 477 123 978 175">
     <span class='ocr_line' id='line_1_1' title="bbox 477 123 978 175; baseline 0.01 -5"><span class='ocrx_word' id='word_1_1' title='bbox 477 123 593 171; x_wconf 72' lang='lat' dir='ltr'><strong>sititis</strong></span> <span class='ocrx_word' id='word_1_2' title='bbox 610 124 630 171; x_wconf 89' lang='grc' dir='ltr'><strong>Ι.</strong></span> <span class='ocrx_word' id='word_1_3' title='bbox 945 124 978 175; x_wconf 63' lang='grc' dir='ltr'><strong>’ὦ</strong></span> 
     </span>
    </p>
   </div>
   <div class='ocr_carea' id='block_1_2' title="bbox 508 254 604 293">
    <p class='ocr_par' dir='ltr' id='par_1_2' title="bbox 508 254 604 293">
     <span class='ocr_line' id='line_1_2' title="bbox 508 254 604 293; baseline 0.021 -2"><span class='ocrx_word' id='word_1_4' title='bbox 508 254 604 293; x_wconf 77' lang='lat' dir='ltr'><strong>PERSE.</strong></span> 
     </span>
    </p>
   </div>
   <div class='ocr_carea' id='block_1_3' title="bbox 102 339 1013 2105">
    <p class='ocr_par' dir='ltr' id='par_1_3' title="bbox 123 339 982 608">
     <span class='ocr_line' id='line_1_3' title="bbox 161 339 980 422; baseline 0.004 -23"><span class='ocrx_word' id='word_1_5' title='bbox 161 343 225 414; x_wconf 85' lang='lat' dir='ltr'><strong>Que</strong></span> <span class='ocrx_word' id='word_1_6' title='bbox 240 339 333 400; x_wconf 84' lang='lat' dir='ltr'><strong>laire‘l</strong></span> <span class='ocrx_word' id='word_1_7' title='bbox 345 339 450 400; x_wconf 82' lang='lat' dir='ltr'><strong>l’airne</strong></span> <span class='ocrx_word' id='word_1_8' title='bbox 462 341 480 399; x_wconf 79' lang='grc'><strong>(1</strong></span> <span class='ocrx_word' id='word_1_9' title='bbox 493 339 676 421; x_wconf 73' lang='lat' dir='ltr'><strong>m&#39;epanouir</strong></span> <span class='ocrx_word' id='word_1_10' title='bbox 689 342 715 399; x_wconf 90' lang='lat' dir='ltr'><strong>la</strong></span> <span class='ocrx_word' id='word_1_11' title='bbox 730 347 802 413; x_wconf 85' lang='lat' dir='ltr'><strong>rate,</strong></span> <span class='ocrx_word' id='word_1_12' title='bbox 815 341 845 420; x_wconf 84' lang='lat' dir='ltr'><strong>je</strong></span> <span class='ocrx_word' id='word_1_13' title='bbox 866 341 926 402; x_wconf 87' lang='lat' dir='ltr'><strong>suis</strong></span> <span class='ocrx_word' id='word_1_14' title='bbox 938 343 980 422; x_wconf 81' lang='lat'><strong>(8)</strong></span> 
     </span>
     <span class='ocr_line' id='line_1_4' title="bbox 123 434 980 516; baseline 0.004 -22"><span class='ocrx_word' id='word_1_15' title='bbox 123 442 237 516; x_wconf 82' lang='lat' dir='ltr'><strong>prompt</strong></span> <span class='ocrx_word' id='word_1_16' title='bbox 254 435 272 493; x_wconf 74' lang='lat' dir='ltr'><strong>a</strong></span> <span class='ocrx_word' id='word_1_17' title='bbox 285 434 357 493; x_wconf 90' lang='lat' dir='ltr'><strong>rire.</strong></span> <span class='ocrx_word' id='word_1_18' title='bbox 369 435 448 492; x_wconf 90' lang='lat' dir='ltr'><strong>Nous</strong></span> <span class='ocrx_word' id='word_1_19' title='bbox 467 454 540 493; x_wconf 92' lang='lat' dir='ltr'><strong>nous</strong></span> <span class='ocrx_word' id='word_1_20' title='bbox 554 434 731 505; x_wconf 77' lang='lat' dir='ltr'><strong>auferamus,</strong></span> <span class='ocrx_word' id='word_1_21' title='bbox 746 455 819 494; x_wconf 92' lang='lat' dir='ltr'><strong>nous</strong></span> <span class='ocrx_word' id='word_1_22' title='bbox 840 436 980 514; x_wconf 72' lang='lat' dir='ltr'><strong>ecrivons,</strong></span> 
     </span>
     <span class='ocr_line' id='line_1_5' title="bbox 123 526 982 608; baseline 0.005 -22"><span class='ocrx_word' id='word_1_23' title='bbox 123 528 184 587; x_wconf 92' lang='lat' dir='ltr'><strong>l&#39;un</strong></span> <span class='ocrx_word' id='word_1_24' title='bbox 198 548 234 587; x_wconf 87' lang='lat' dir='ltr'><strong>en</strong></span> <span class='ocrx_word' id='word_1_25' title='bbox 251 548 347 608; x_wconf 85' lang='lat' dir='ltr'><strong>prose,</strong></span> <span class='ocrx_word' id='word_1_26' title='bbox 364 526 468 586; x_wconf 85' lang='lat' dir='ltr'><strong>l&#39;autre</strong></span> <span class='ocrx_word' id='word_1_27' title='bbox 488 548 524 587; x_wconf 88' lang='lat' dir='ltr'><strong>en</strong></span> <span class='ocrx_word' id='word_1_28' title='bbox 540 548 616 598; x_wconf 74' lang='lat' dir='ltr'><strong>vers,</strong></span> <span class='ocrx_word' id='word_1_29' title='bbox 637 526 687 587; x_wconf 87' lang='lat' dir='ltr'><strong>des</strong></span> <span class='ocrx_word' id='word_1_30' title='bbox 709 527 809 587; x_wconf 84' lang='lat' dir='ltr'>choses</span> <span class='ocrx_word' id='word_1_31' title='bbox 831 527 903 588; x_wconf 79' lang='lat' dir='ltr'><strong>d&#39;un</strong></span> <span class='ocrx_word' id='word_1_32' title='bbox 923 550 982 590; x_wconf 85' lang='lat' dir='ltr'><strong>su-</strong></span> 
     </span>
    </p>

    <p class='ocr_par' dir='ltr' id='par_1_4' title="bbox 102 619 1013 2105">
     <span class='ocr_line' id='line_1_6' title="bbox 102 619 982 701; baseline 0.003 -21"><span class='ocrx_word' id='word_1_33' title='bbox 102 620 211 680; x_wconf 83' lang='lat' dir='ltr'><strong>·hlirne</strong></span> <span class='ocrx_word' id='word_1_34' title='bbox 220 624 270 681; x_wconf 74' lang='lat' dir='ltr'><strong>l...</strong></span> <span class='ocrx_word' id='word_1_35' title='bbox 282 621 333 680; x_wconf 89' lang='lat' dir='ltr'><strong>des</strong></span> <span class='ocrx_word' id='word_1_36' title='bbox 347 620 446 680; x_wconf 82' lang='lat' dir='ltr'><strong>choses</strong></span> <span class='ocrx_word' id='word_1_37' title='bbox 456 619 588 701; x_wconf 86' lang='lat' dir='ltr'><strong>capables</strong></span> <span class='ocrx_word' id='word_1_38' title='bbox 602 619 780 680; x_wconf 83' lang='lat' dir='ltr'><strong>d&#39;essonfller</strong></span> <span class='ocrx_word' id='word_1_39' title='bbox 789 620 830 679; x_wconf 91' lang='lat' dir='ltr'><strong>les</strong></span> <span class='ocrx_word' id='word_1_40' title='bbox 845 621 911 701; x_wconf 92' lang='lat' dir='ltr'><strong>plus</strong></span> <span class='ocrx_word' id='word_1_41' title='bbox 922 623 982 683; x_wconf 87' lang='lat' dir='ltr'><strong>lar·</strong></span> 
     </span>
     <span class='ocr_line' id='line_1_7' title="bbox 118 712 983 794; baseline 0.003 -20"><span class='ocrx_word' id='word_1_42' title='bbox 118 734 169 794; x_wconf 82' lang='lat' dir='ltr'><strong>ges</strong></span> <span class='ocrx_word' id='word_1_43' title='bbox 192 733 348 794; x_wconf 89' lang='lat' dir='ltr'><strong>pournons.</strong></span> <span class='ocrx_word' id='word_1_44' title='bbox 369 712 451 772; x_wconf 77' lang='lat' dir='ltr'><strong>Ainsi</strong></span> <span class='ocrx_word' id='word_1_45' title='bbox 474 713 558 786; x_wconf 86' lang='lat' dir='ltr'><strong>donc,</strong></span> <span class='ocrx_word' id='word_1_46' title='bbox 582 712 650 773; x_wconf 88' lang='lat' dir='ltr'>bien</span> <span class='ocrx_word' id='word_1_47' title='bbox 678 712 794 794; x_wconf 73' lang='lat' dir='ltr'><strong>peign&#39;e,</strong></span> <span class='ocrx_word' id='word_1_48' title='bbox 816 713 924 774; x_wconf 77' lang='lat' dir='ltr'><strong>habitio</strong></span> <span class='ocrx_word' id='word_1_49' title='bbox 946 716 983 777; x_wconf 90' lang='grc'><strong>(16</strong></span> 
     </span>
     <span class='ocr_line' id='line_1_8' title="bbox 103 805 982 886; baseline 0.005 -20"><span class='ocrx_word' id='word_1_50' title='bbox 103 808 204 878; x_wconf 79' lang='lat' dir='ltr'><strong>neus,</strong></span> <span class='ocrx_word' id='word_1_51' title='bbox 217 806 301 866; x_wconf 87' lang='lat' dir='ltr'><strong>rubis</strong></span> <span class='ocrx_word' id='word_1_52' title='bbox 313 827 351 866; x_wconf 85' lang='lat' dir='ltr'><strong>su</strong></span> <span class='ocrx_word' id='word_1_53' title='bbox 363 805 454 885; x_wconf 84' lang='lat' dir='ltr'><strong>doigt,</strong></span> <span class='ocrx_word' id='word_1_54' title='bbox 463 827 580 878; x_wconf 83' lang='lat' dir='ltr'><strong>comme</strong></span> <span class='ocrx_word' id='word_1_55' title='bbox 595 827 631 865; x_wconf 88' lang='lat' dir='ltr'><strong>au</strong></span> <span class='ocrx_word' id='word_1_56' title='bbox 649 806 718 886; x_wconf 86' lang='lat' dir='ltr'><strong>jour</strong></span> <span class='ocrx_word' id='word_1_57' title='bbox 732 807 767 866; x_wconf 91' lang='grc'><strong>(16</strong></span> <span class='ocrx_word' id='word_1_58' title='bbox 782 813 810 866; x_wconf 84' lang='lat' dir='ltr'><strong>ta</strong></span> <span class='ocrx_word' id='word_1_59' title='bbox 823 806 982 885; x_wconf 81' lang='lat' dir='ltr'><strong>naissance,</strong></span> 
     </span>
     <span class='ocr_line' id='line_1_9' title="bbox 118 901 986 983; baseline 0.005 -23"><span class='ocrx_word' id='word_1_60' title='bbox 118 909 154 960; x_wconf 85' lang='lat' dir='ltr'><strong>tu</strong></span> <span class='ocrx_word' id='word_1_61' title='bbox 173 901 243 959; x_wconf 90' lang='lat' dir='ltr'><strong>liras</strong></span> <span class='ocrx_word' id='word_1_62' title='bbox 256 908 307 958; x_wconf 90' lang='lat' dir='ltr'><strong>ton</strong></span> <span class='ocrx_word' id='word_1_63' title='bbox 321 920 432 972; x_wconf 84' lang='lat' dir='ltr'><strong>oeuvre,</strong></span> <span class='ocrx_word' id='word_1_64' title='bbox 446 921 497 959; x_wconf 90' lang='lat' dir='ltr'><strong>sur</strong></span> <span class='ocrx_word' id='word_1_65' title='bbox 511 922 553 959; x_wconf 91' lang='lat' dir='ltr'><strong>un</strong></span> <span class='ocrx_word' id='word_1_66' title='bbox 572 901 649 979; x_wconf 73' lang='lat' dir='ltr'><strong>siege</strong></span> <span class='ocrx_word' id='word_1_67' title='bbox 669 902 792 975; x_wconf 51' lang='lat' dir='ltr'><strong>eleves</strong></span> <span class='ocrx_word' id='word_1_68' title='bbox 814 922 855 960; x_wconf 86' lang='lat' dir='ltr'><strong>un</strong></span> <span class='ocrx_word' id='word_1_69' title='bbox 876 904 986 983; x_wconf 85' lang='lat' dir='ltr'><strong>peuple</strong></span> 
     </span>
     <span class='ocr_line' id='line_1_10' title="bbox 117 982 985 1058; baseline 0.006 -5"><span class='ocrx_word' id='word_1_70' title='bbox 117 993 315 1053; x_wconf 85' lang='lat' dir='ltr'><strong>d&#39;auditeurs.</strong></span> <span class='ocrx_word' id='word_1_71' title='bbox 327 993 398 1052; x_wconf 79' lang='lat' dir='ltr'><strong>Mais</strong></span> <span class='ocrx_word' id='word_1_72' title='bbox 410 1000 442 1052; x_wconf 86' lang='lat' dir='ltr'><strong>tu</strong></span> <span class='ocrx_word' id='word_1_73' title='bbox 455 1014 539 1052; x_wconf 86' lang='lat' dir='ltr'><strong>auras</strong></span> <span class='ocrx_word' id='word_1_74' title='bbox 549 994 669 1054; x_wconf 85' lang='lat' dir='ltr'><strong>d&#39;nbord</strong></span> <span class='ocrx_word' id='word_1_75' title='bbox 682 982 774 1055; x_wconf 82' lang='lat' dir='ltr'><strong>rondu</strong></span> <span class='ocrx_word' id='word_1_76' title='bbox 788 1003 817 1055; x_wconf 86' lang='lat' dir='ltr'><strong>ta</strong></span> <span class='ocrx_word' id='word_1_77' title='bbox 828 996 892 1057; x_wconf 78' lang='lat' dir='ltr'><strong>roix</strong></span> <span class='ocrx_word' id='word_1_78' title='bbox 904 990 985 1058; x_wconf 79' lang='lat' dir='ltr'><strong>flexi·</strong></span> 
     </span>
     <span class='ocr_line' id='line_1_11' title="bbox 118 1086 982 1177; baseline 0.005 -29"><span class='ocrx_word' id='word_1_79' title='bbox 118 1088 181 1159; x_wconf 77' lang='lat' dir='ltr'><strong>tie,</strong></span> <span class='ocrx_word' id='word_1_80' title='bbox 197 1108 235 1146; x_wconf 91' lang='lat' dir='ltr'><strong>en</strong></span> <span class='ocrx_word' id='word_1_81' title='bbox 259 1086 454 1146; x_wconf 78' lang='lat' dir='ltr'><strong>t&#39;hurnectant</strong></span> <span class='ocrx_word' id='word_1_82' title='bbox 476 1089 503 1147; x_wconf 90' lang='grc'><strong>16</strong></span> <span class='ocrx_word' id='word_1_83' title='bbox 522 1087 615 1167; x_wconf 78' lang='lat' dir='ltr'><strong>goslar</strong></span> <span class='ocrx_word' id='word_1_84' title='bbox 638 1088 710 1147; x_wconf 90' lang='lat' dir='ltr'><strong>d&#39;un</strong></span> <span class='ocrx_word' id='word_1_85' title='bbox 733 1090 810 1148; x_wconf 82' lang='lat' dir='ltr'><strong>doux</strong></span> <span class='ocrx_word' id='word_1_86' title='bbox 832 1090 924 1177; x_wconf 89' lang='lat' dir='ltr'><strong>sirop;</strong></span> <span class='ocrx_word' id='word_1_87' title='bbox 941 1100 982 1167; x_wconf 86' lang='lat' dir='ltr'><strong>et,</strong></span> 
     </span>
     <span class='ocr_line' id='line_1_12' title="bbox 117 1180 984 1261; baseline 0.008 -22"><span class='ocrx_word' id='word_1_88' title='bbox 117 1180 253 1261; x_wconf 84' lang='lat' dir='ltr'><strong>pendant</strong></span> <span class='ocrx_word' id='word_1_89' title='bbox 266 1181 295 1239; x_wconf 88' lang='lat' dir='ltr'><strong>la</strong></span> <span class='ocrx_word' id='word_1_90' title='bbox 306 1181 428 1254; x_wconf 81' lang='lat' dir='ltr'><strong>lecture,</strong></span> <span class='ocrx_word' id='word_1_91' title='bbox 443 1189 475 1240; x_wconf 86' lang='lat' dir='ltr'><strong>tu</strong></span> <span class='ocrx_word' id='word_1_92' title='bbox 492 1185 678 1261; x_wconf 77' lang='lat' dir='ltr'><strong>promeneras</strong></span> <span class='ocrx_word' id='word_1_93' title='bbox 690 1204 741 1242; x_wconf 91' lang='lat' dir='ltr'><strong>sur</strong></span> <span class='ocrx_word' id='word_1_94' title='bbox 752 1183 923 1245; x_wconf 82' lang='lat' dir='ltr'><strong>l&#39;nssistunce</strong></span> <span class='ocrx_word' id='word_1_95' title='bbox 935 1185 984 1246; x_wconf 87' lang='lat' dir='ltr'><strong>des</strong></span> 
     </span>
     <span class='ocr_line' id='line_1_13' title="bbox 118 1268 984 1358; baseline 0.006 -24"><span class='ocrx_word' id='word_1_96' title='bbox 118 1294 200 1356; x_wconf 70' lang='lat' dir='ltr'><strong>yeux</strong></span> <span class='ocrx_word' id='word_1_97' title='bbox 213 1275 404 1353; x_wconf 82' lang='lat' dir='ltr'><strong>langoureux.</strong></span> <span class='ocrx_word' id='word_1_98' title='bbox 425 1275 504 1348; x_wconf 78' lang='lat' dir='ltr'><strong>Qu&#39;il</strong></span> <span class='ocrx_word' id='word_1_99' title='bbox 523 1275 575 1334; x_wconf 81' lang='lat' dir='ltr'><strong>fait</strong></span> <span class='ocrx_word' id='word_1_100' title='bbox 592 1276 667 1335; x_wconf 85' lang='lat' dir='ltr'><strong>heau</strong></span> <span class='ocrx_word' id='word_1_101' title='bbox 690 1276 750 1336; x_wconf 84' lang='lat' dir='ltr'><strong>voir</strong></span> <span class='ocrx_word' id='word_1_102' title='bbox 767 1277 800 1347; x_wconf 56' lang='lat' dir='ltr'><strong>ii,</strong></span> <span class='ocrx_word' id='word_1_103' title='bbox 808 1299 858 1345; x_wconf 85' lang='lat' dir='ltr'><strong>nos</strong></span> <span class='ocrx_word' id='word_1_104' title='bbox 880 1268 984 1358; x_wconf 82' lang='lat' dir='ltr'><strong>grands</strong></span> 
     </span>
     <span class='ocr_line' id='line_1_14' title="bbox 120 1368 985 1448; baseline 0.007 -21"><span class='ocrx_word' id='word_1_105' title='bbox 120 1369 159 1428; x_wconf 90' lang='lat' dir='ltr'><strong>de</strong></span> <span class='ocrx_word' id='word_1_106' title='bbox 181 1370 276 1427; x_wconf 86' lang='lat' dir='ltr'><strong>Rome</strong></span> <span class='ocrx_word' id='word_1_107' title='bbox 297 1368 413 1448; x_wconf 85' lang='lat' dir='ltr'><strong>s&#39;agiter</strong></span> <span class='ocrx_word' id='word_1_108' title='bbox 431 1369 466 1429; x_wconf 92' lang='lat' dir='ltr'><strong>de</strong></span> <span class='ocrx_word' id='word_1_109' title='bbox 487 1369 591 1430; x_wconf 86' lang='lat' dir='ltr'><strong>lascive</strong></span> <span class='ocrx_word' id='word_1_110' title='bbox 608 1370 750 1443; x_wconf 73' lang='lat' dir='ltr'><strong>muniere,</strong></span> <span class='ocrx_word' id='word_1_111' title='bbox 765 1377 793 1430; x_wconf 89' lang='grc'><strong>61</strong></span> <span class='ocrx_word' id='word_1_112' title='bbox 815 1392 985 1433; x_wconf 77' lang='lat' dir='ltr'><strong>murmuret</strong></span> 
     </span>
     <span class='ocr_line' id='line_1_15' title="bbox 121 1461 986 1544; baseline 0.008 -24"><span class='ocrx_word' id='word_1_113' title='bbox 121 1461 213 1521; x_wconf 86' lang='lat' dir='ltr'><strong>d&#39;une</strong></span> <span class='ocrx_word' id='word_1_114' title='bbox 233 1461 299 1520; x_wconf 77' lang='lat' dir='ltr'><strong>vois</strong></span> <span class='ocrx_word' id='word_1_115' title='bbox 322 1462 507 1535; x_wconf 81' lang='lat' dir='ltr'><strong>tremblante,</strong></span> <span class='ocrx_word' id='word_1_116' title='bbox 531 1464 645 1544; x_wconf 88' lang='lat' dir='ltr'><strong>lorsque</strong></span> <span class='ocrx_word' id='word_1_117' title='bbox 668 1483 714 1524; x_wconf 88' lang='lat' dir='ltr'><strong>ces</strong></span> <span class='ocrx_word' id='word_1_118' title='bbox 739 1484 803 1524; x_wconf 79' lang='lat' dir='ltr'><strong>vers</strong></span> <span class='ocrx_word' id='word_1_119' title='bbox 822 1464 986 1527; x_wconf 80' lang='lat' dir='ltr'><strong>libidineux</strong></span> 
     </span>
     <span class='ocr_line' id='line_1_16' title="bbox 122 1555 985 1637; baseline 0.005 -23"><span class='ocrx_word' id='word_1_120' title='bbox 122 1557 280 1635; x_wconf 72' lang='lat' dir='ltr'><strong>penetrent</strong></span> <span class='ocrx_word' id='word_1_121' title='bbox 291 1555 430 1635; x_wconf 84' lang='lat' dir='ltr'><strong>jusqu&#39;au</strong></span> <span class='ocrx_word' id='word_1_122' title='bbox 445 1556 521 1636; x_wconf 73' lang='lat' dir='ltr'><strong>siege</strong></span> <span class='ocrx_word' id='word_1_123' title='bbox 539 1557 578 1616; x_wconf 94' lang='lat' dir='ltr'><strong>du</strong></span> <span class='ocrx_word' id='word_1_124' title='bbox 595 1557 705 1637; x_wconf 83' lang='lat' dir='ltr'><strong>plaisir,</strong></span> <span class='ocrx_word' id='word_1_125' title='bbox 722 1564 751 1617; x_wconf 86' lang='lat' dir='ltr'><strong>et</strong></span> <span class='ocrx_word' id='word_1_126' title='bbox 764 1560 875 1637; x_wconf 82' lang='lat' dir='ltr'><strong>qu&#39;une</strong></span> <span class='ocrx_word' id='word_1_127' title='bbox 897 1559 985 1619; x_wconf 89' lang='lat' dir='ltr'><strong>molle</strong></span> 
     </span>
     <span class='ocr_line' id='line_1_17' title="bbox 125 1647 984 1727; baseline 0.001 -19"><span class='ocrx_word' id='word_1_128' title='bbox 125 1647 344 1727; x_wconf 89' lang='lat' dir='ltr'><strong>prononciation</strong></span> <span class='ocrx_word' id='word_1_129' title='bbox 364 1650 520 1712; x_wconf 86' lang='lat' dir='ltr'><strong>chatouille</strong></span> <span class='ocrx_word' id='word_1_130' title='bbox 535 1653 613 1712; x_wconf 90' lang='lat' dir='ltr'><strong>leurs</strong></span> <span class='ocrx_word' id='word_1_131' title='bbox 628 1653 709 1710; x_wconf 86' lang='lat' dir='ltr'><strong>sens!</strong></span> <span class='ocrx_word' id='word_1_132' title='bbox 725 1651 802 1710; x_wconf 87' lang='lat' dir='ltr'><strong>C&#39;est</strong></span> <span class='ocrx_word' id='word_1_133' title='bbox 818 1651 886 1710; x_wconf 90' lang='lat' dir='ltr'><strong>bien</strong></span> <span class='ocrx_word' id='word_1_134' title='bbox 899 1653 915 1711; x_wconf 73' lang='lat' dir='ltr'><strong>‘a</strong></span> <span class='ocrx_word' id='word_1_135' title='bbox 930 1651 984 1726; x_wconf 85' lang='lat' dir='ltr'><strong>toi,</strong></span> 
     </span>
     <span class='ocr_line' id='line_1_18' title="bbox 129 1741 986 1827; baseline 0.007 -26"><span class='ocrx_word' id='word_1_136' title='bbox 129 1741 212 1802; x_wconf 79' lang='lat' dir='ltr'><strong>rieux</strong></span> <span class='ocrx_word' id='word_1_137' title='bbox 230 1743 354 1817; x_wconf 77' lang='lat' dir='ltr'>harbon,</span> <span class='ocrx_word' id='word_1_138' title='bbox 372 1745 407 1804; x_wconf 91' lang='grc'><strong>(16</strong></span> <span class='ocrx_word' id='word_1_139' title='bbox 421 1745 560 1806; x_wconf 85' lang='lat' dir='ltr'><strong>cherchor</strong></span> <span class='ocrx_word' id='word_1_140' title='bbox 579 1744 652 1803; x_wconf 87' lang='lat' dir='ltr'><strong>ainsi</strong></span> <span class='ocrx_word' id='word_1_141' title='bbox 667 1745 702 1805; x_wconf 87' lang='lat' dir='ltr'><strong>de</strong></span> <span class='ocrx_word' id='word_1_142' title='bbox 716 1743 784 1826; x_wconf 87' lang='lat' dir='ltr'><strong>quoi</strong></span> <span class='ocrx_word' id='word_1_143' title='bbox 806 1749 931 1827; x_wconf 86' lang='lat' dir='ltr'><strong>repaltre</strong></span> <span class='ocrx_word' id='word_1_144' title='bbox 945 1747 986 1807; x_wconf 90' lang='lat' dir='ltr'><strong>les</strong></span> 
     </span>
     <span class='ocr_line' id='line_1_19' title="bbox 126 1837 985 1921; baseline 0.006 -23"><span class='ocrx_word' id='word_1_145' title='bbox 126 1838 239 1899; x_wconf 89' lang='lat' dir='ltr'><strong>oreilles</strong></span> <span class='ocrx_word' id='word_1_146' title='bbox 261 1837 406 1898; x_wconf 81' lang='lat' dir='ltr'><strong>d&#39;autruit</strong></span> <span class='ocrx_word' id='word_1_147' title='bbox 423 1847 451 1899; x_wconf 88' lang='grc'><strong>61</strong></span> <span class='ocrx_word' id='word_1_148' title='bbox 466 1841 526 1900; x_wconf 84' lang='grc'><strong>6616</strong></span> <span class='ocrx_word' id='word_1_149' title='bbox 539 1860 614 1921; x_wconf 86' lang='lat' dir='ltr'><strong>pour</strong></span> <span class='ocrx_word' id='word_1_150' title='bbox 629 1839 708 1899; x_wconf 81' lang='lat' dir='ltr'><strong>avoir</strong></span> <span class='ocrx_word' id='word_1_151' title='bbox 728 1839 777 1898; x_wconf 86' lang='lat' dir='ltr'><strong>des</strong></span> <span class='ocrx_word' id='word_1_152' title='bbox 801 1841 905 1921; x_wconf 77' lang='lat' dir='ltr'><strong>ilogeS,</strong></span> <span class='ocrx_word' id='word_1_153' title='bbox 922 1844 985 1903; x_wconf 74' lang='grc'><strong>6166</strong></span> 
     </span>
     <span class='ocr_line' id='line_1_20' title="bbox 125 1930 1013 2015; baseline 0.006 -23"><span class='ocrx_word' id='word_1_154' title='bbox 125 1930 221 2012; x_wconf 73' lang='lat' dir='ltr'><strong>obligo</strong></span> <span class='ocrx_word' id='word_1_155' title='bbox 237 1931 273 1992; x_wconf 91' lang='lat' dir='ltr'><strong>de</strong></span> <span class='ocrx_word' id='word_1_156' title='bbox 286 1931 349 1992; x_wconf 86' lang='lat' dir='ltr'><strong>dire</strong></span> <span class='ocrx_word' id='word_1_157' title='bbox 370 1931 536 2008; x_wconf 73' lang='lat' dir='ltr'><strong>toi-meme,</strong></span> <span class='ocrx_word' id='word_1_158' title='bbox 550 1934 618 1993; x_wconf 80' lang='lat' dir='ltr'><strong>n&#39;en</strong></span> <span class='ocrx_word' id='word_1_159' title='bbox 634 1940 761 2012; x_wconf 82' lang='lat' dir='ltr'><strong>pourant</strong></span> <span class='ocrx_word' id='word_1_160' title='bbox 781 1934 867 2015; x_wconf 90' lang='lat' dir='ltr'><strong>plus,</strong></span> <span class='ocrx_word' id='word_1_161' title='bbox 885 1937 982 2011; x_wconf 78' lang='lat' dir='ltr'><strong>Assez,</strong></span> <span class='ocrx_word' id='word_1_162' title='bbox 1010 1935 1013 1942; x_wconf 75' lang='grc'><em>’</em></span> 
     </span>
     <span class='ocr_line' id='line_1_21' title="bbox 125 2016 546 2105; baseline -0.002 -18"><span class='ocrx_word' id='word_1_163' title='bbox 125 2046 205 2087; x_wconf 84' lang='lat' dir='ltr'><strong>assez</strong></span> <span class='ocrx_word' id='word_1_164' title='bbox 221 2027 280 2105; x_wconf 72' lang='lat' dir='ltr'><strong>(ali</strong></span> <span class='ocrx_word' id='word_1_165' title='bbox 542 2016 546 2022; x_wconf 60' lang='grc'>’</span> 
     </span>
    </p>
   </div>
   <div class='ocr_carea' id='block_1_4' title="bbox 501 2288 607 2322">
    <p class='ocr_par' dir='ltr' id='par_1_5' title="bbox 501 2288 607 2322">
     <span class='ocr_line' id='line_1_22' title="bbox 501 2288 607 2322; baseline 0.009 -2"><span class='ocrx_word' id='word_1_166' title='bbox 501 2288 607 2322; x_wconf 70' lang='lat' dir='ltr'>PERSIUS.</span> 
     </span>
    </p>
   </div>
   <div class='ocr_carea' id='block_1_5' title="bbox 180 2359 904 3154">
    <p class='ocr_par' dir='ltr' id='par_1_6' title="bbox 180 2359 904 3154">
     <span class='ocr_line' id='line_1_23' title="bbox 234 2359 834 2412; baseline 0 -10"><span class='ocrx_word' id='word_1_167' title='bbox 234 2360 295 2410; x_wconf 79' lang='lat' dir='ltr'><strong>Quid</strong></span> <span class='ocrx_word' id='word_1_168' title='bbox 304 2360 397 2402; x_wconf 73' lang='lat' dir='ltr'><strong>faciam!</strong></span> <span class='ocrx_word' id='word_1_169' title='bbox 408 2360 451 2401; x_wconf 87' lang='lat' dir='ltr'><strong>Sed</strong></span> <span class='ocrx_word' id='word_1_170' title='bbox 460 2371 508 2400; x_wconf 89' lang='lat' dir='ltr'><strong>sum</strong></span> <span class='ocrx_word' id='word_1_171' title='bbox 519 2360 627 2412; x_wconf 85' lang='lat' dir='ltr'><strong>petulanti</strong></span> <span class='ocrx_word' id='word_1_172' title='bbox 638 2359 712 2412; x_wconf 82' lang='lat' dir='ltr'><strong>splene</strong></span> <span class='ocrx_word' id='word_1_173' title='bbox 723 2360 834 2402; x_wconf 88' lang='lat' dir='ltr'><strong>cachinno.</strong></span> 
     </span>
     <span class='ocr_line' id='line_1_24' title="bbox 235 2426 793 2479; baseline -0.005 -10"><span class='ocrx_word' id='word_1_174' title='bbox 235 2429 353 2470; x_wconf 84' lang='lat' dir='ltr'>Scribimus</span> <span class='ocrx_word' id='word_1_175' title='bbox 362 2429 446 2478; x_wconf 88' lang='lat' dir='ltr'><strong>inclusi,</strong></span> <span class='ocrx_word' id='word_1_176' title='bbox 458 2438 557 2467; x_wconf 88' lang='lat' dir='ltr'><strong>numeros</strong></span> <span class='ocrx_word' id='word_1_177' title='bbox 567 2427 612 2476; x_wconf 88' lang='lat' dir='ltr'><strong>ille,</strong></span> <span class='ocrx_word' id='word_1_178' title='bbox 622 2428 658 2467; x_wconf 88' lang='lat' dir='ltr'><strong>hic</strong></span> <span class='ocrx_word' id='word_1_179' title='bbox 667 2426 723 2479; x_wconf 86' lang='lat' dir='ltr'><strong>pedo</strong></span> <span class='ocrx_word' id='word_1_180' title='bbox 731 2427 793 2474; x_wconf 80' lang='lat' dir='ltr'><strong>liber,</strong></span> 
     </span>
     <span class='ocr_line' id='line_1_25' title="bbox 237 2493 904 2549; baseline 0 -13"><span class='ocrx_word' id='word_1_181' title='bbox 237 2496 324 2537; x_wconf 82' lang='lat' dir='ltr'><strong>Grande</strong></span> <span class='ocrx_word' id='word_1_182' title='bbox 335 2495 425 2547; x_wconf 87' lang='lat' dir='ltr'><strong>aliquid,</strong></span> <span class='ocrx_word' id='word_1_183' title='bbox 438 2494 497 2546; x_wconf 89' lang='lat' dir='ltr'><strong>quod</strong></span> <span class='ocrx_word' id='word_1_184' title='bbox 508 2494 582 2547; x_wconf 81' lang='lat' dir='ltr'><strong>pulmo</strong></span> <span class='ocrx_word' id='word_1_185' title='bbox 593 2496 670 2534; x_wconf 75' lang='lat' dir='ltr'><strong>animia</strong></span> <span class='ocrx_word' id='word_1_186' title='bbox 681 2493 798 2549; x_wconf 76' lang='lat' dir='ltr'><strong>praelargus</strong></span> <span class='ocrx_word' id='word_1_187' title='bbox 810 2493 904 2536; x_wconf 79' lang='lat' dir='ltr'><strong>anhelet.</strong></span> 
     </span>
     <span class='ocr_line' id='line_1_26' title="bbox 180 2564 896 2619; baseline -0.008 -12"><span class='ocrx_word' id='word_1_188' title='bbox 180 2566 208 2607; x_wconf 73' lang='lat'><strong>15</strong></span> <span class='ocrx_word' id='word_1_189' title='bbox 235 2566 324 2607; x_wconf 77' lang='lat' dir='ltr'><strong>Scilicet</strong></span> <span class='ocrx_word' id='word_1_190' title='bbox 332 2567 379 2607; x_wconf 83' lang='lat' dir='ltr'><strong>hsec</strong></span> <span class='ocrx_word' id='word_1_191' title='bbox 388 2567 476 2619; x_wconf 87' lang='lat' dir='ltr'><strong>populo,</strong></span> <span class='ocrx_word' id='word_1_192' title='bbox 488 2576 608 2617; x_wconf 86' lang='lat' dir='ltr'><strong>pexusque,</strong></span> <span class='ocrx_word' id='word_1_193' title='bbox 620 2569 715 2615; x_wconf 80' lang='lat' dir='ltr'><strong>togaque</strong></span> <span class='ocrx_word' id='word_1_194' title='bbox 725 2564 813 2614; x_wconf 84' lang='lat' dir='ltr'><strong>recenti,</strong></span> <span class='ocrx_word' id='word_1_195' title='bbox 889 2584 896 2591; x_wconf 77' lang='lat'><em>-</em></span> 
     </span>
     <span class='ocr_line' id='line_1_27' title="bbox 210 2630 757 2690; baseline -0.016 -13"><span class='ocrx_word' id='word_1_196' title='bbox 210 2671 213 2677; x_wconf 94' lang='grc'><em>,</em></span> <span class='ocrx_word' id='word_1_197' title='bbox 237 2635 266 2674; x_wconf 81' lang='lat' dir='ltr'><strong>Et</strong></span> <span class='ocrx_word' id='word_1_198' title='bbox 276 2633 377 2674; x_wconf 80' lang='lat' dir='ltr'><strong>natalitia</strong></span> <span class='ocrx_word' id='word_1_199' title='bbox 386 2632 474 2673; x_wconf 84' lang='lat' dir='ltr'><strong>tandem</strong></span> <span class='ocrx_word' id='word_1_200' title='bbox 484 2643 533 2690; x_wconf 71' lang='lat' dir='ltr'><strong>cum</strong></span> <span class='ocrx_word' id='word_1_201' title='bbox 543 2631 679 2683; x_wconf 81' lang='lat' dir='ltr'><strong>sardonyche</strong></span> <span class='ocrx_word' id='word_1_202' title='bbox 688 2630 757 2676; x_wconf 80' lang='lat' dir='ltr'><strong>albus,</strong></span> 
     </span>
     <span class='ocr_line' id='line_1_28' title="bbox 236 2699 795 2755; baseline -0.007 -16"><span class='ocrx_word' id='word_1_203' title='bbox 236 2699 292 2740; x_wconf 82' lang='lat' dir='ltr'><strong>Sede</strong></span> <span class='ocrx_word' id='word_1_204' title='bbox 302 2699 362 2751; x_wconf 80' lang='lat' dir='ltr'><strong>leges</strong></span> <span class='ocrx_word' id='word_1_205' title='bbox 373 2699 440 2755; x_wconf 80' lang='lat' dir='ltr'><strong>celsa,</strong></span> <span class='ocrx_word' id='word_1_206' title='bbox 450 2699 533 2750; x_wconf 84' lang='lat' dir='ltr'><strong>liquido</strong></span> <span class='ocrx_word' id='word_1_207' title='bbox 543 2706 593 2739; x_wconf 84' lang='lat' dir='ltr'><strong>cum</strong></span> <span class='ocrx_word' id='word_1_208' title='bbox 603 2699 711 2751; x_wconf 87' lang='lat' dir='ltr'><strong>plasmate</strong></span> <span class='ocrx_word' id='word_1_209' title='bbox 720 2699 795 2745; x_wconf 78' lang='lat' dir='ltr'><strong>guttur</strong></span> 
     </span>
     <span class='ocr_line' id='line_1_29' title="bbox 237 2763 728 2819; baseline -0.006 -14"><span class='ocrx_word' id='word_1_210' title='bbox 237 2765 321 2806; x_wconf 85' lang='lat' dir='ltr'><strong>Mobile</strong></span> <span class='ocrx_word' id='word_1_211' title='bbox 329 2765 436 2815; x_wconf 81' lang='lat' dir='ltr'><strong>collueris‚</strong></span> <span class='ocrx_word' id='word_1_212' title='bbox 448 2768 544 2819; x_wconf 87' lang='lat' dir='ltr'><strong>patranti</strong></span> <span class='ocrx_word' id='word_1_213' title='bbox 552 2765 634 2806; x_wconf 77' lang='lat' dir='ltr'><strong>fractus</strong></span> <span class='ocrx_word' id='word_1_214' title='bbox 645 2763 728 2804; x_wconf 86' lang='grc'><strong>6661161</strong></span> 
     </span>
     <span class='ocr_line' id='line_1_30' title="bbox 236 2831 821 2884; baseline 0 -13"><span class='ocrx_word' id='word_1_215' title='bbox 236 2831 280 2872; x_wconf 85' lang='lat' dir='ltr'><strong>Hic</strong></span> <span class='ocrx_word' id='word_1_216' title='bbox 290 2843 359 2883; x_wconf 85' lang='lat' dir='ltr'><strong>neque</strong></span> <span class='ocrx_word' id='word_1_217' title='bbox 368 2843 427 2872; x_wconf 87' lang='lat' dir='ltr'><strong>more</strong></span> <span class='ocrx_word' id='word_1_218' title='bbox 435 2833 502 2884; x_wconf 87' lang='lat' dir='ltr'><strong>probo</strong></span> <span class='ocrx_word' id='word_1_219' title='bbox 511 2832 594 2881; x_wconf 75' lang='lat' dir='ltr'><strong>videas,</strong></span> <span class='ocrx_word' id='word_1_220' title='bbox 605 2841 674 2881; x_wconf 88' lang='lat' dir='ltr'><strong>neque</strong></span> <span class='ocrx_word' id='word_1_221' title='bbox 685 2841 737 2869; x_wconf 79' lang='lat' dir='ltr'><strong>soce</strong></span> <span class='ocrx_word' id='word_1_222' title='bbox 748 2841 821 2871; x_wconf 81' lang='lat' dir='ltr'><strong>serena</strong></span> 
     </span>
     <span class='ocr_line' id='line_1_31' title="bbox 181 2895 806 2949; baseline -0.008 -10"><span class='ocrx_word' id='word_1_223' title='bbox 181 2899 209 2939; x_wconf 76' lang='lat'><strong>2⁰</strong></span> <span class='ocrx_word' id='word_1_224' title='bbox 238 2897 339 2948; x_wconf 74' lang='lat' dir='ltr'><strong>Ingentes</strong></span> <span class='ocrx_word' id='word_1_225' title='bbox 348 2896 456 2949; x_wconf 86' lang='lat' dir='ltr'><strong>trepidare</strong></span> <span class='ocrx_word' id='word_1_226' title='bbox 466 2898 535 2946; x_wconf 85' lang='lat' dir='ltr'><strong>Titos,</strong></span> <span class='ocrx_word' id='word_1_227' title='bbox 546 2908 596 2938; x_wconf 86' lang='lat' dir='ltr'><strong>cum</strong></span> <span class='ocrx_word' id='word_1_228' title='bbox 605 2896 700 2937; x_wconf 80' lang='lat' dir='ltr'><strong>carmina</strong></span> <span class='ocrx_word' id='word_1_229' title='bbox 708 2895 806 2935; x_wconf 89' lang='lat' dir='ltr'><strong>lumbum</strong></span> 
     </span>
     <span class='ocr_line' id='line_1_32' title="bbox 238 2963 813 3017; baseline -0.003 -14"><span class='ocrx_word' id='word_1_230' title='bbox 238 2964 332 3013; x_wconf 83' lang='lat' dir='ltr'><strong>Intrant,</strong></span> <span class='ocrx_word' id='word_1_231' title='bbox 340 2967 364 3003; x_wconf 85' lang='lat' dir='ltr'><strong>et</strong></span> <span class='ocrx_word' id='word_1_232' title='bbox 372 2965 463 3004; x_wconf 86' lang='lat' dir='ltr'><strong>tremulo</strong></span> <span class='ocrx_word' id='word_1_233' title='bbox 472 2965 598 3017; x_wconf 88' lang='lat' dir='ltr'><strong>scalpuntur</strong></span> <span class='ocrx_word' id='word_1_234' title='bbox 608 2963 646 3003; x_wconf 92' lang='lat' dir='ltr'><strong>ubi</strong></span> <span class='ocrx_word' id='word_1_235' title='bbox 657 2963 733 3002; x_wconf 84' lang='lat' dir='ltr'><strong>intima</strong></span> <span class='ocrx_word' id='word_1_236' title='bbox 743 2973 813 3002; x_wconf 81' lang='lat' dir='ltr'><strong>versu.</strong></span> 
     </span>
     <span class='ocr_line' id='line_1_33' title="bbox 237 3023 769 3081; baseline -0.006 -10"><span class='ocrx_word' id='word_1_237' title='bbox 237 3029 302 3081; x_wconf 86' lang='lat' dir='ltr'><strong>Tun&#39;,</strong></span> <span class='ocrx_word' id='word_1_238' title='bbox 313 3030 393 3080; x_wconf 76' lang='lat' dir='ltr'><strong>vetule,</strong></span> <span class='ocrx_word' id='word_1_239' title='bbox 405 3031 508 3072; x_wconf 82' lang='lat' dir='ltr'><strong>auriculis</strong></span> <span class='ocrx_word' id='word_1_240' title='bbox 518 3023 597 3070; x_wconf 84' lang='lat' dir='ltr'><strong>alienis</strong></span> <span class='ocrx_word' id='word_1_241' title='bbox 603 3029 687 3080; x_wconf 82' lang='lat' dir='ltr'><strong>colligis</strong></span> <span class='ocrx_word' id='word_1_242' title='bbox 697 3029 769 3069; x_wconf 80' lang='lat' dir='ltr'><strong>escas!</strong></span> 
     </span>
     <span class='ocr_line' id='line_1_34' title="bbox 237 3094 802 3154; baseline -0.009 -16"><span class='ocrx_word' id='word_1_243' title='bbox 237 3097 358 3148; x_wconf 75' lang='lat' dir='ltr'><strong>Auriculis,</strong></span> <span class='ocrx_word' id='word_1_244' title='bbox 367 3099 446 3149; x_wconf 87' lang='lat' dir='ltr'><strong>quibus</strong></span> <span class='ocrx_word' id='word_1_245' title='bbox 454 3103 476 3139; x_wconf 89' lang='lat' dir='ltr'><strong>et</strong></span> <span class='ocrx_word' id='word_1_246' title='bbox 486 3098 555 3148; x_wconf 76' lang='lat' dir='ltr'><strong>dicas,</strong></span> <span class='ocrx_word' id='word_1_247' title='bbox 567 3101 617 3137; x_wconf 86' lang='lat' dir='ltr'><strong>cute</strong></span> <span class='ocrx_word' id='word_1_248' title='bbox 628 3096 732 3154; x_wconf 69' lang='lat' dir='ltr'><strong>perditus,</strong></span> <span class='ocrx_word' id='word_1_249' title='bbox 745 3094 802 3134; x_wconf 80' lang='lat' dir='ltr'><strong>Ohel</strong></span> 
     </span>
    </p>
   </div>
   <div class='ocr_carea' id='block_1_6' title="bbox 851 3161 867 3205">
    <p class='ocr_par' dir='ltr' id='par_1_7' title="bbox 851 3161 867 3205">
     <span class='ocr_line' id='line_1_35' title="bbox 851 3161 867 3205; baseline 0 0"><span class='ocrx_word' id='word_1_250' title='bbox 851 3161 867 3205; x_wconf 72' lang='lat'><strong>3</strong></span> 
     </span>
    </p>
   </div>
   <div class='ocr_carea' id='block_1_7' title="bbox 0 0 1157 3650">
    <p class='ocr_par' dir='ltr' id='par_1_8' title="bbox 0 0 1157 3650">
     <span class='ocr_line' id='line_1_36' title="bbox 0 0 1157 3650; baseline 0 0"><span class='ocrx_word' id='word_1_251' title='bbox 0 0 1157 3650; x_wconf 95' lang='lat' dir='ltr'><strong> </strong></span> 
     </span>
    </p>
   </div>
  </div>
 </body>
</html>
