2284 3650
464 131 581 179 surius
599 132 630 180 X.
936 136 979 183 llll

120 226 244 307 jardins,
259 229 298 285 cir
310 234 374 286 sont
384 231 501 306 exposcis
513 246 549 286 en
559 226 669 306 public,
687 234 715 288 et
730 227 755 287 le
765 226 839 288 veile
849 227 899 288 des
911 248 993 289 nnus

124 321 211 381 velles
220 320 352 393 marie'es,
361 321 625 402 etlelitnuptialde
633 341 759 400 pourpre
769 320 982 401 tyriennel88).

125 416 269 494 L'augure
289 415 331 494 s'y
350 415 465 488 rendra,
490 414 566 474 suivi
590 415 639 475 des
661 414 796 487 lemnius,
819 422 848 474 ct
864 415 912 475 dix
930 415 983 477 luis

122 517 191 568 cent
211 509 291 568 inille
314 517 449 568 sesterces
472 518 568 569 serunt
592 513 731 588 compte's,
756 509 835 569 selon
859 509 994 572 l'ancieu·

125 623 212 681 usage
225 604 299 680 (89).
316 605 399 663 Tute
414 603 529 676 llattais,
548 603 649 676 Silius,
663 603 735 663 d'un
747 603 856 683 hymen
871 608 984 665 secret?

125 697 276 757 blessaline
290 718 326 756 ne
340 705 410 757 veut
427 719 484 778 que
500 698 549 758 des
563 699 670 757 formes
684 698 808 776 legales:
824 701 841 758 ir
860 699 931 779 quei
954 708 982 761 te

124 794 294 851 iesous-tul
308 790 338 850 Si
355 800 387 851 tu
405 793 515 852 refuses
530 791 653 860 d'obdir,
670 799 702 850 tu
718 791 826 870 pe'riras
848 800 934 852 avant
955 794 983 853 la

126 891 166 945 lin
178 886 219 945 du
226 886 311 963 jour;
325 885 348 945 si
360 893 392 944 tu
402 906 531 959 consens,
545 895 578 945 tu
589 885 888 965 n'nhtieudrasqu'un
897 896 983 947 court

127 979 219 1040 delei:
237 988 269 1039 tu
281 979 385 1052 vivres,
397 981 514 1060 jusqu'ii
524 1000 555 1040 ce
565 1001 621 1060 que
634 981 663 1039 ln
676 981 822 1050 nouvelle,
833 980 982 1061 repandue

126 1073 195 1133 dens
209 1073 237 1132 la
250 1073 328 1145 ville,
345 1073 386 1133 ait
400 1076 500 1154 srappe'
517 1075 557 1135 les
570 1074 683 1135 ureilles
701 1074 736 1134 de
751 1075 938 1154 temperem.
958 1075 982 1134 ll

127 1188 211 1227 saura
231 1168 258 1227 le
271 1167 387 1228 dernier
405 1168 432 1227 le
451 1167 684 1229 ddshunneurde
704 1189 735 1227 sa
756 1168 884 1228 maison:
903 1168 983 1228 ulicis

125 1261 209 1334 dunc,
221 1261 244 1320 si
257 1262 397 1342 quelques
404 1263 486 1342 jour-s
497 1263 532 1323 dc
543 1263 589 1323 vie
604 1271 630 1323 te
644 1262 787 1326 semblent
798 1262 821 1320 si
832 1262 979 1343 pre'uieur.

125 1356 260 1436 Quelque
284 1356 359 1435 parti
383 1377 440 1436 que
464 1365 495 1415 tu
521 1356 693 1437 prennes,il
715 1355 819 1416 sendra
841 1355 929 1417 livrer
942 1376 980 1416 au

123 1448 217 1529 glaive
229 1459 303 1510 cette
318 1454 374 1510 tete
388 1450 463 1509 aussi
477 1451 557 1533 belle
567 1471 624 1531 que
635 1450 795 1529 grecieuse.

164 1544 246 1604 Ainsi
261 1544 301 1604 les
315 1545 448 1604 hommes
462 1565 498 1603 ne
512 1545 630 1604 doivent
643 1543 707 1603 rien
719 1543 848 1603 desirer‘l
860 1544 982 1624 Croqcz·

124 1640 195 1712 mni,
220 1639 350 1719 lorsqu'il
373 1638 478 1716 s'agira
499 1638 534 1698 de
554 1659 605 1699 nus
620 1637 694 1697 vrais
717 1637 847 1711 interits,
863 1637 981 1699 laissuns

124 1733 195 1793 faire
220 1755 276 1793 aux
294 1733 401 1793 dieux:
419 1753 492 1792 nous
516 1733 693 1793 demunduns
716 1752 747 1792 ce
770 1730 822 1812 qui
843 1733 929 1812 plain
944 1732 981 1793 ils

123 1828 288 1889 durnerunt
300 1849 331 1888 ce
346 1827 418 1908 qu'il
430 1829 503 1887 saut.
521 1828 676 1888 L’homme
694 1828 758 1886 leur
771 1834 813 1886 est
828 1826 893 1907 plus
911 1827 981 1887 cher

124 1921 198 2002 qu'il
212 1944 249 1983 ne
265 1923 328 1982 l'est
337 1925 354 1981 d
363 1923 532 1982 lui-meme.
546 1924 699 2002 Emportds
711 1941 766 2001 per
778 1941 820 1980 un
832 1920 921 2002 esprit
935 1920 981 1998 in-

165 2155 207 2196 335
233 2155 350 2206 Sternitur,
361 2159 384 2195 et
394 2156 438 2194 ritu
446 2154 519 2194 decies
529 2158 621 2194 centena
629 2152 740 2193 dabvmtur

233 2224 330 2273 Antiquo
339 2236 345 2272 ς
356 2223 428 2261 veniet
437 2232 486 2260 curn
497 2220 642 2272 signatoribus
650 2231 739 2272 auspex.

233 2290 287 2329 Haec
298 2293 322 2330 tu
330 2294 412 2329 secreta
421 2292 443 2328 et
451 2291 526 2341 paucis
535 2289 651 2327 commissa
660 2287 766 2339 putabasl

233 2359 284 2397 Non
293 2358 335 2396 nisi
346 2356 441 2407 legitime
451 2355 499 2395 vult
509 2354 590 2394 nubere
601 2367 606 2395 :
620 2354 673 2405 quid
682 2354 779 2407 placeat,
790 2353 840 2395 diet

235 2427 265 2466 Ni
275 2436 350 2478 parere
358 2424 420 2476 velis,
432 2421 567 2476 pereundum
578 2422 620 2461 erit
632 2424 681 2461 ante
691 2420 798 2461 lucernas.

165 2496 207 2536 340
233 2493 256 2533 Si
268 2493 338 2532 scelus
348 2491 459 2539 admittas,
471 2488 559 2529 dabitur
565 2499 629 2528 ,mora
638 2487 736 2540 parvula,
748 2486 801 2527 dum
813 2499 847 2527 res

233 2561 292 2601 Nota
300 2560 348 2599 urbi
358 2564 380 2599 et
389 2557 469 2611 populo
479 2558 589 2608 contingat
596 2556 699 2609 principis
708 2565 778 2594 aures.

233 2627 333 2668 Dedecus
342 2625 379 2665 ille
390 2624 467 2664 domus
478 2625 531 2665 sciet
540 2624 642 2664 ultimus:
655 2623 738 2661 interea
749 2625 774 2661 tu

233 2694 355 2744 Obsequere
366 2692 464 2741 imperio,
475 2691 493 2729 si
503 2691 559 2730 tanti
572 2694 619 2730 vita
629 2688 713 2728 dierum

234 2762 364 2802 Paucorum.
373 2756 482 2810 Quicquid
493 2756 571 2797 melius
579 2756 690 2806 leviusque
701 2754 792 2807 putaris,

167 2832 208 2871 ³15
234 2826 354 2868 Praebenda
362 2830 395 2866 est
405 2824 478 2877 gladio
486 2824 578 2877 pulchra
585 2824 633 2863 haec
643 2826 665 2862 et
675 2819 769 2861 candida
776 2821 858 2861 cervix.

261 2894 300 2935 Nil
309 2906 358 2945 ergo
366 2894 471 2946 optabunt
477 2892 587 2932 homines!
596 2890 619 2929 Si
628 2889 741 2930 eonsilium
750 2888 790 2938 vis,

235 2962 352 3002 Permittes
361 2961 414 3014 ipsis
423 2959 544 3012 expendere
555 2957 688 3005 numinibus,
704 2953 756 3007 quid

234 3028 353 3069 Conveniat
362 3028 429 3075 nobis,
440 3028 547 3076 rebusque
558 3025 588 3064 sit
596 3024 651 3064 utile
658 3024 738 3062 nostris
750 3035 755 3062 :

233 3096 292 3137 Nam
301 3107 340 3149 pro
345 3095 447 3148 jucundis
457 3093 569 3146 aptissima
576 3101 667 3142 qunque
679 3089 761 3129 dabunt
771 3087 810 3130 dii.

167 3165 208 3206 350
234 3163 310 3204 Carior
318 3167 352 3204 est
365 3162 408 3202 illis
416 3162 481 3202 nomo
490 3170 556 3212 quarn
566 3157 615 3199 sibi.
627 3155 675 3198 Nos
685 3157 806 3196 animorum
