2284 3650
448 167 565 217 stricti
580 168 612 216 V.
910 172 953 216 toi

88 286 154 346 quc
165 266 196 344 je
207 269 357 323 sonmette
370 265 387 322 ὲ
403 269 452 322 ton
463 283 585 322 examen
597 282 637 321 ιιιι
650 282 732 323 coeur
744 262 794 344 qui
808 271 836 323 te
850 262 955 324 eherii.

93 357 256 437 ruisse-je,
272 357 346 418 cher
366 358 525 429 Cornutus
545 356 624 415 doux
643 356 719 427 emi,
737 365 765 417 te
779 357 851 417 scire
865 357 956 417 voirr'r

97 452 169 532 quet
182 451 264 531 point
284 458 336 511 ton
359 470 424 510 amo
446 458 488 511 est
508 449 671 511 consondue
689 472 757 511 avec
780 452 806 510 ia
820 451 956 512 miennc!

96 544 282 618 hunde-moi,
306 545 347 605 toi
370 543 422 625 qui
443 545 559 604 connais
581 566 613 604 co
633 545 684 624 qui
704 564 793 605 sonno
812 546 839 605 te
857 565 957 614 crem,

93 638 148 718 qui
166 637 297 698 de'roitcs
317 637 359 696 les
381 657 552 716 mensongos
570 638 661 696 d'une
674 638 780 716 tangue
795 637 957 716 hypocrite.

27 778 29 785 ,
93 731 169 803 Oui,
179 731 212 812 je
231 730 372 791 voudrais
394 738 461 790 cent
478 731 543 790 voix
557 751 632 810 pour
647 731 765 810 publicr
780 730 913 791 comhien
926 739 957 789 tu

95 845 129 885 es
141 825 371 905 protondc'ment
391 828 477 901 grove
499 824 570 884 dens
591 844 768 897 monerem,
786 844 862 904 pour
876 828 960 884 reve·

99 919 145 978 ier
157 938 223 978 arec
236 919 313 978 c'clat
327 917 486 978 l'ineffahle
501 918 720 998 tendressoque
739 918 832 979 recele
852 917 879 978 lc
892 918 958 978 fond

98 1011 218 1071 demon
234 1032 315 1072 amc.

139 1108 196 1165 Des
209 1126 269 1185 que
282 1106 361 1184 j'eus
374 1105 467 1185 quitte
480 1105 508 1165 lo
521 1126 662 1186 pompm,
679 1105 849 1184 protectrice
864 1104 899 1166 de
912 1127 961 1165 mn

95 1200 200 1260 timide
220 1200 357 1271 eufanem
373 1208 403 1260 et
416 1221 473 1280 quc
495 1220 565 1259 mon
585 1220 699 1260 ennean
718 1200 782 1260 d'or
800 1201 845 1259 int
864 1220 962 1260 consa·

93 1296 178 1354 eren
200 1313 254 1352 nos
276 1294 382 1363 Lores;
401 1293 528 1374 lorsque,
550 1292 626 1352 suivi
645 1294 681 1353 de
698 1293 802 1373 jeunes
820 1294 960 1373 complai-

95 1394 177 1447 sants
191 1395 224 1446 ct
246 1390 349 1446 revetu
369 1386 405 1446 de
425 1388 452 1446 lo
471 1386 541 1469 robe
562 1386 657 1460 viriic,
677 1387 708 1465 jc
728 1387 849 1466 pouvais
865 1387 961 1467 impu·

96 1484 222 1541 nement
236 1500 394 1561 promencr
404 1501 466 1540 mes
485 1481 603 1560 regards
618 1480 690 1540 dens
707 1489 773 1542 tout
787 1482 814 1542 lc
832 1480 963 1562 quartier

97 1577 136 1638 de
158 1578 315 1650 Suburrc,
337 1580 354 1637 d
376 1578 448 1657 l'dge
471 1580 511 1638 οἱι
537 1579 679 1639 l'homme
703 1599 768 1638 sans
792 1578 962 1659 expericnce
1050 1632 1052 1635 ,

103 1671 226 1731 trembie
238 1679 268 1732 et
284 1671 379 1731 hesitc
392 1680 475 1732 entre
489 1673 529 1732 les
541 1680 641 1732 routes
653 1676 791 1752 opposees
801 1673 857 1749 (o),
872 1670 902 1750 je
914 1691 961 1730 mo

103 1764 161 1825 nris
173 1784 239 1825 sous
253 1773 285 1826 to
301 1764 468 1846 discipline3
489 1774 521 1827 tu
540 1787 624 1841 rocus
643 1786 691 1825 mn
708 1764 811 1826 tendrc
827 1763 962 1845 jeonesse

98 1858 172 1919 dans
183 1859 211 1919 te
227 1860 291 1919 sein
304 1859 341 1919 dc
354 1861 480 1921 Socrate.
496 1860 615 1921 Bicntot
631 1867 661 1919 ta
672 1879 783 1939 sogessc
796 1858 895 1921 habile
908 1859 963 1918 snit

100 1958 234 2033 tromper
245 1972 309 2012 mes
316 1956 528 2034 repugnances,
544 1961 575 2014 et
588 1953 718 2014 rcdressc
730 1974 792 2013 mes
803 1953 963 2037 penchcnts

210 2121 351 2163 Excutienda
358 2121 436 2162 damus
447 2120 578 2176 precordia3
589 2126 714 2174 quantaque
724 2125 803 2163 nostroe

211 2190 268 2229 Pars
276 2194 316 2230 tua
323 2190 360 2240 sit,
370 2190 473 2237 Cornuto,
484 2191 568 2238 enimte,
581 2190 629 2239 tibi,
641 2188 712 2230 dulcis
723 2192 800 2238 amice,

210 2254 335 2296 ostendisse
341 2256 413 2307 juvet.
425 2255 500 2303 Pulsa,
510 2254 635 2305 dignoscere
645 2259 723 2297 cautus

152 2323 183 2361 ’ὦ
208 2320 271 2369 Quid
280 2321 375 2362 solidum
384 2326 464 2374 crepet,
477 2325 499 2362 et
509 2323 573 2373 pictoe
584 2324 676 2363 tectoria
686 2323 772 2375 linguae.

212 2388 256 2427 His
266 2399 306 2439 ego
315 2392 416 2428 centenas
425 2389 495 2428 ausim
506 2387 623 2441 deposcere
634 2400 705 2438 voces,

212 2455 244 2496 Ut
252 2459 358 2506 quantum
367 2456 421 2495 mihi
432 2458 454 2494 te
466 2456 551 2495 sinuoso
561 2456 585 2495 in
595 2461 681 2508 pectore
692 2456 738 2505 fixi,

211 2520 272 2562 Voce
281 2522 367 2563 traham
379 2534 440 2574 pure,
452 2525 566 2574 totumque
578 2523 619 2563 hoc
628 2524 693 2564 verba
703 2525 810 2574 resignent

210 2587 276 2635 Quod
287 2587 341 2629 tatet
351 2599 429 2629 arcane
439 2599 481 2628 non
489 2589 612 2634 ,enarrabile
621 2589 682 2629 fibra.

154 2656 186 2694 w
212 2653 287 2701 Quum
295 2655 389 2706 primunr
398 2654 478 2707 pavido
491 2658 564 2695 custos
574 2656 627 2694 mihi
637 2665 734 2708 purpura
744 2654 818 2703 cessit,

214 2720 322 2772 Bulluque
333 2721 449 2761 succinctis
458 2721 541 2762 letibus
550 2720 632 2761 donata
641 2719 758 2774 pependit;

211 2787 286 2835 Quum
295 2787 370 2827 blondi
380 2789 477 2837 comites,
488 2792 579 2839 totaque
587 2789 675 2841 impune
683 2787 781 2828 Suburra

215 2854 319 2895 Permisit
327 2855 429 2906 sparsisse
438 2856 512 2895 ocutos
518 2855 565 2907 jem
576 2854 683 2895 candidus
692 2856 770 2904 umb03

210 2919 330 2971 Quumque
341 2921 382 2960 iter
393 2921 518 2972 ambiguum
530 2923 570 2969 est,
583 2925 605 2962 et
616 2923 667 2962 vitae
679 2923 765 2962 nescius
775 2933 835 2961 error

155 2986 187 3025 δι’)
213 2984 304 3026 Diductt
314 2985 412 3039 trepides
422 2997 507 3027 ramosa
516 2987 536 3026 in
548 2988 645 3040 compita
653 2992 749 3036 mentes;

212 3051 251 3093 Me
262 3053 302 3093 tibi
313 3054 431 3106 supposui3
443 3041 528 3093 teneros
537 3057 562 3094 tu
572 3054 665 3106 suscipis
674 3066 741 3102 runos

211 3116 332 3167 Socratico,
342 3118 444 3168 Cornute,
456 3121 512 3159 sinu.
523 3120 585 3159 Tunc
595 3119 670 3160 tallere
678 3121 746 3159 sotere

212 3186 323 3238 Appostte
333 3187 425 3226 intortos
434 3185 533 3225 extendit
545 3185 620 3236 regula
629 3197 699 3225 mores
704 3198 712 3234 ;
