2284 3650
175 155 223 204 280
517 151 636 202 SATlRE
653 153 694 200 VI.

175 249 297 331 qu'elles
309 268 346 309 ne
359 246 501 309 me'diienl
512 246 547 307 de
561 247 662 320 livien,
678 267 729 307 sur
741 247 769 306 la
784 245 922 307 serilable
937 250 1044 323 arene,

176 343 226 404 des
240 342 368 405 combais
382 341 467 402 reela.
482 341 585 414 Quelle
600 348 671 421 peut
684 344 757 413 dire,
778 360 844 400 sous
865 361 1043 422 uncaeque,

175 437 204 498 lu
219 435 334 518 pudeur
349 435 438 496 d'une
453 436 561 495 femme
577 433 629 515 qui
650 434 755 513 dircge
769 435 787 492 ia
801 454 852 493 scu
874 454 939 495 sexe
963 456 1045 515 pour

177 549 303 609 usurpes
323 530 349 589 le
367 532 467 589 ubire?
485 530 526 588 Ne
546 548 647 607 crcyez
672 547 722 606 pas
745 524 908 606 cependant
931 528 1045 607 qu'elle

177 621 282 683 voulilt
295 621 415 682 devenir
427 619 567 691 homme;
583 639 631 679 car
647 619 667 678 il
683 626 725 679 est
740 639 798 679 uue
812 619 886 680 luite
905 621 944 679 eii
966 640 1045 681 nous

176 736 303 778 summes
316 715 386 776 bien
397 715 499 775 faihles
513 717 618 794 nupcias
629 713 738 773 d'elleS.
751 712 826 785 Quel
838 711 1042 788 de'shonneur,

177 808 202 869 si
216 811 275 870 l'ou
290 809 384 869 fnisail
398 809 427 868 la
441 815 526 869 venie
538 807 588 867 des
599 809 679 868 eilels
691 805 727 865 de
742 813 792 865 lon
806 808 931 886 e'pousei
948 807 1044 887 qu'on

178 905 240 964 vini
255 906 272 964 ὲ
286 903 361 964 crier
374 923 424 962 sen
448 900 601 971 baudrier,
617 921 660 960 ses
675 900 826 979 ganielets,
843 920 893 960 son
916 899 1045 978 aigrette

179 1003 208 1056 ei
227 1017 271 1056 ses
288 992 448 1066 cuissa1³ds3
470 1015 520 1068 ou,
542 994 565 1053 si
586 994 713 1074 quelque
732 1001 816 1053 autre
832 992 953 1053 escrime
969 993 1045 1055 etait

178 1087 214 1148 de
229 1109 281 1149 sun
293 1096 398 1150 resscrl
411 1090 486 1166 (lli),
498 1089 587 1168 qu'nn
600 1087 736 1167 adjugeii
747 1108 790 1147 ses
802 1087 943 1148 boltinesi
956 1088 1044 1148 Voilb

177 1179 263 1241 celles
272 1201 329 1261 que
340 1181 367 1241 le
377 1184 524 1241 vdiemenl
534 1182 559 1240 le
571 1181 635 1260 plus
648 1181 725 1259 leger
736 1188 796 1240 met
809 1201 845 1240 en
859 1179 1043 1255 sueu1·‚d0nt

178 1293 220 1333 un
232 1273 303 1334 tissu
314 1273 349 1335 de
360 1273 418 1334 scie
429 1273 527 1334 froisse
536 1274 563 1333 la
574 1294 648 1355 penu
656 1273 789 1333 delicate!
800 1271 867 1333 Vuis
877 1293 946 1334 avec
956 1275 1042 1354 queis

177 1366 256 1427 e'laus
266 1367 334 1428 elles
347 1370 480 1428 esseuent
490 1368 529 1427 les
543 1387 633 1447 coups
642 1371 731 1447 qu'on
744 1368 808 1427 leur
822 1365 952 1447 apprend
961 1369 1039 1445 (48);

177 1458 238 1520 vois
261 1461 329 1541 quel
353 1480 457 1541 casque
485 1467 587 1541 pesnnt
609 1460 662 1519 fait
687 1460 815 1540 pencher
842 1459 921 1520 leurs
948 1464 1038 1534 tetes,

176 1554 273 1634 quelle
294 1555 416 1615 l'ermele
436 1554 472 1615 de
491 1556 594 1634 jai-rel,
614 1553 724 1631 malgre
744 1554 785 1613 les
804 1552 859 1633 plis
876 1553 1041 1615 nombreux

175 1646 212 1707 de
234 1648 262 1708 la
275 1649 357 1723 robe,
378 1658 407 1709 et
423 1646 467 1709 ris’
475 1649 593 1730 lorsque
607 1646 717 1707 certain
731 1647 832 1708 besoiu
849 1649 889 1708 les
913 1649 989 1709 force
1004 1648 1041 1709 de

176 1748 282 1803 mettre
303 1742 353 1803 bas
374 1747 415 1804 les
437 1762 543 1803 armes.
569 1741 742 1815 ilites-mci,
765 1740 970 1803 descendentes
991 1742 1042 1803 des

177 1834 297 1911 Fabius,
311 1835 360 1897 des
373 1837 508 1897 Metellus
523 1844 552 1897 et
566 1836 616 1896 des
631 1834 764 1915 Lepidm,
780 1836 877 1916 quand
891 1838 917 1897 la
932 1838 1041 1898 lemme

176 1927 248 1988 d'uu
264 1928 426 2008 gladiateur
446 1931 587 1990 s'esl-elle
602 1930 674 1989 ainsi
690 1930 843 1991 travestie‘l
856 1932 955 2012 quand
970 1932 1041 1993 celle

219 2118 259 2157 250
287 2118 369 2158 Florali
379 2122 478 2159 matrona
487 2120 563 2170 turba;
575 2120 644 2159 nisisi
655 2119 707 2170 quid
720 2120 742 2159 in
753 2120 791 2160 iilo

286 2185 377 2225 Pectore
387 2186 437 2238 plus
447 2187 524 2236 agitat,
536 2198 636 2238 veraeque
647 2190 736 2239 paratur
747 2198 825 2228 arenae.

284 2252 355 2300 Quem
364 2255 466 2304 praestare
477 2257 550 2305 potest
559 2255 638 2295 mulier
648 2254 736 2305 galeata
744 2254 857 2306 pudorem,

287 2316 341 2367 Quae
351 2316 408 2368 fugit
420 2330 432 2358 a
443 2330 503 2368 sexu,
516 2320 573 2360 vires
583 2320 654 2361 amati
666 2320 720 2360 Hac
729 2324 803 2360 tamen
812 2322 859 2373 ipsa

287 2385 327 2425 Vir
339 2385 407 2425 nollet
417 2386 463 2425 iieri
475 2399 480 2426 :
491 2398 542 2427 nam
552 2388 659 2438 quantula
668 2392 742 2428 nostra
751 2388 863 2440 voluptas!

220 2452 260 2492 255
287 2452 357 2500 Quale
366 2452 434 2493 decus
443 2454 528 2493 rerum!
545 2455 563 2493 si
574 2455 672 2506 conjugis
683 2456 754 2495 auctio
764 2457 810 2503 fiat,

288 2519 378 2560 Balteus
388 2524 410 2561 et
421 2521 511 2561 manicae
520 2524 542 2562 et
552 2522 631 2570 crista,
641 2522 753 2573 crurisque
762 2523 841 2562 sinistri

287 2587 409 2627 Dimidium
419 2592 520 2639 tegmem
532 2588 567 2628 vel
577 2589 595 2627 si
603 2588 689 2629 diversa
698 2589 793 2629 movebit

288 2656 374 2705 Praelia,
386 2659 410 2696 tu
419 2655 479 2705 felix,
493 2667 568 2696 ocreas
578 2655 685 2697 vendente
696 2657 776 2708 puelia.

287 2722 330 2763 Hae
342 2730 392 2764 sunt
401 2734 450 2774 quoe
460 2725 520 2764 tenui
529 2723 609 2764 sudant
620 2724 642 2762 in
652 2722 751 2774 cyclade,
761 2734 854 2774 quarum
902 2724 905 2729 “

220 2789 262 2830 260
289 2790 386 2831 Delicias
396 2794 418 2830 et
427 2791 556 2843 panniculus
566 2790 710 2841 bombycinus
719 2791 771 2831 urit.

288 2857 384 2910 Adspice
394 2869 438 2910 quc
449 2859 532 2908 gemitu
541 2861 673 2898 monstratos
682 2859 777 2910 perierat
788 2860 854 2909 ictus,

288 2924 318 2964 Et
326 2927 407 2974 quanto
417 2923 484 2974 galeae
492 2928 596 2964 curvetur
607 2923 701 2976 pendere
713 2936 719 2964 ε
732 2928 813 2975 quanta

289 2987 412 3039 Poplitibus
422 2987 505 3037 sedeat,
517 3000 585 3040 quam
594 2989 660 3029 dense
671 2988 736 3029 fascia
745 2990 799 3029 libro
805 3002 811 3037 i

290 3054 319 3093 Et
335 3053 383 3105 νε,
392 3053 468 3105 positis
480 3055 594 3106 scaphium
604 3065 673 3105 quum
683 3056 777 3095 sumitur
788 3056 860 3094 armLs.

223 3119 263 3160 26⁵
290 3118 351 3165 Dici,
372 3129 411 3158 vos
419 3122 495 3171 neptes
506 3119 589 3172 Lepidi,
602 3121 681 3160 caecive
691 3120 785 3168 Metelli,

291 3183 390 3236 Gumitis
401 3188 438 3225 aut
448 3183 520 3235 Fabii,
531 3197 580 3238 quae
589 3186 650 3227 ludia
660 3189 775 3240 sumpserit
785 3199 880 3240 unquam
