2284 3650
449 210 565 260 smne
582 211 628 262 ΙΙΙ.
920 219 972 267 209

75 351 78 360 ·
108 311 145 370 de
159 309 265 391 pied...
280 311 327 371 uu
342 311 485 388 logestu?
497 309 571 369 dans·
582 310 967 392 qrrcl'bougefflli—Soit

107 424 166 484 que
187 403 216 482 je
239 403 347 463 me'dite
365 423 413 462 ma
433 407 554 483 reponse
574 424 612 463 ou
638 425 687 463 ma
709 405 882 480 retraite‚'il
896 409 966 468 n'en

108 500 209 577 lrappe
220 516 270 577 pas
284 497 389 569 moins,
404 505 433 556 et
447 496 575 576 l'enrage'
587 505 670 556 court
680 517 785 559 encore
796 500 967 561 m'iutenter

107 611 152 649 un
166 594 276 670 proces«.
290 589 374 649 Voillt
388 591 416 648 lu
428 590 531 649 liberte
545 591 589 648 dn
604 594 729 671 patrare!
747 593 847 664 Banu,
862 613 974 653 menr-

109 682 159 757 tri,
178 683 208 763 je
229 684 256 742 le
277 703 372 762 presse
396 691 425 743 et
446 684 473 742 le
494 684 614 763 conjure
628 705 686 764 qne
707 684 747 744 du
762 686 857 746 moins
873 688 894 747 il
917 705 972 746 nae

108 778 190 837 laisse
205 777 302 858 partic
312 763 531 858 avecqnelcjnes
546 778 639 838 dentati

151 871 173 930 ll
189 878 231 931 est
250 870 318 931 bien
336 871 465 930 d'autres
485 871 597 951 risques
613 893 622 931 τ
640 892 676 931 on
691 880 791 952 guette
811 881 891 934 notre
912 873 969 933 de-

108 964 217 1046 pouille
231 964 281 1024 des
295 985 352 1044 que
369 965 481 1024 chacun
496 984 513 1023 a
525 966 617 1025 ferme
631 985 662 1024 sa
676 966 799 1040 maison,
816 966 974 1028 barricade·
1047 977 1054 994 '

108 1078 140 1117 sa
150 1057 303 1137 lautique,
321 1066 423 1138 etque
437 1057 464 1118 le
479 1059 583 1119 silence
597 1061 686 1138 regne
699 1081 750 1119 sur
764 1060 803 1120 les
819 1059 963 1121 tenentes.

107 1151 192 1210 illurn
204 1171 244 1210 un
259 1151 361 1210 essuim
373 1152 410 1211 de
421 1153 546 1225 volente,
557 1153 666 1212 evitant
681 1174 736 1214 nus
746 1155 846 1233 gaules
860 1155 911 1235 qui
923 1155 966 1214 les

107 1248 265 1308 cherchent
278 1248 349 1307 dans
367 1249 398 1307 la
412 1250 487 1309 soret
500 1250 657 1310 Gallinaire
671 1259 700 1310 et
712 1251 753 1311 les
767 1251 872 1312 mareis
885 1254 966 1312 Pou-

105 1342 175 1415 tins‚
194 1362 223 1402 se
244 1341 335 1422 replie
352 1363 402 1402 sur
427 1345 531 1417 Rome,
550 1348 589 1404 0i1
603 1345 639 1404 ils
667 1355 821 1406 accourent
845 1366 883 1405 au
911 1346 966 1427 pil·

105 1434 180 1514 lage.
197 1436 234 1494 Et
255 1442 394 1515 pouctant
408 1436 518 1514 quelles
532 1438 693 1510 cnclumes,
708 1440 790 1519 quels
802 1440 963 1499 lourneaux

105 1548 143 1588 ue
158 1527 325 1608 fabriquent
337 1549 390 1608 pas·
400 1529 448 1588 des
462 1522 596 1590 chaines‘l
608 1527 676 1590 elles
690 1538 889 1591 consumment
902 1538 965 1590 tant

104 1621 141 1681 de
158 1621 213 1694 scr,
228 1620 304 1701 ,qu'il
317 1631 359 1680 est
373 1622 535 1682 acraindre
550 1644 608 1702 que
626 1624 657 1682 la
668 1622 759 1683 birche
778 1633 807 1684 et
821 1624 847 1684 le
865 1644 963 1683 soene

104 1716 244 1776 viennent
263 1718 278 1773 a
300 1734 454 1795 manquer.
475 1715 590 1796 Quinc
612 1716 795 1795 regretterait
809 1717 848 1776 les
863 1714 963 1775 si'ecles
1048 1729 1050 1734 ’

104 1810 237 1869 fortunis
248 1808 298 1869 des
307 1812 392 1869 aieux
400 1807 436 1868 dc
446 1830 497 1869 nos
507 1813 647 1883 enectine,
658 1831 694 1871 en
705 1817 843 1890 songeant
852 1810 961 1891 qu'une

213 2031 260 2071 Ede
269 2032 307 2072 ubi
318 2034 435 2072 consistas?
447 2033 468 2072 in
478 2044 521 2084 qua
529 2038 551 2074 te
562 2046 635 2085 quaero
644 2035 775 2087 proseuchal

214 2099 290 2138 Dicere
301 2099 319 2138 si
328 2104 399 2139 tentes
409 2099 500 2150 aliquid,
512 2103 620 2142 tacitusve
628 2101 711 2151 redeas,

126 2213 132 2218 ᾖ
211 2165 357 2207 Tantumdem
365 2172 408 2219 est,
419 2166 498 2208 feriunt
507 2169 588 2219 pariter
598 2180 603 2207 :
613 2168 737 2209 vadimonIa
745 2168 824 2209 deinde

212 2230 266 2270 irati
278 2229 368 2270 iaciunt.
380 2230 478 2271 Libertas
487 2235 588 2284 pauperis
601 2234 648 2272 haec
658 2238 706 2274 est:

143 2301 184 2350 ,300
211 2298 314 2339 Pulsatus
324 2303 392 2348 rogat,
402 2303 424 2339 et
435 2301 514 2351 pugnis
525 2302 623 2341 concisus
633 2301 722 2350 adorat,

212 2365 243 2406 Ut
254 2366 318 2405 liceat
327 2366 401 2417 paucis
407 2362 463 2404 'cum
472 2365 575 2407 dentibus
587 2368 637 2408 inde
648 2369 734 2409 reverti.

239 2432 286 2472 Nec
296 2436 367 2472 tamen
377 2433 423 2472 haec
434 2436 518 2473 tantum
529 2439 627 2474 metuas:
636 2446 685 2474 narn
696 2436 734 2486 qui
744 2435 821 2487 spoliet
832 2437 855 2474 te

212 2499 262 2540 Non
271 2499 348 2548 deerit,
359 2500 438 2540 clausis
448 2500 557 2551 domibus,
568 2507 685 2553 postquam
695 2503 763 2541 omnis
774 2502 855 2551 ubique

213 2566 269 2605 Fixa
279 2572 383 2606 catenatae
394 2567 454 2606 siluit
463 2578 568 2619 compago
580 2569 681 2607 tabernae.

143 2634 184 2672 305
212 2632 324 2672 Interdum
335 2637 357 2673 et
366 2632 422 2673 ferro
432 2634 517 2673 subitus
527 2639 633 2684 grassator
644 2635 689 2684 agit
701 2645 753 2685 rem,

212 2700 304 2739 Armato
316 2702 401 2750 quoties
410 2705 464 2740 tutae
473 2701 563 2740 custode
572 2705 672 2741 tenentur

212 2766 241 2806 Et
252 2765 368 2818 Pomptina
377 2766 448 2818 palus,
458 2770 481 2806 et
492 2766 613 2807 Gallinaria
622 2768 698 2819 pinus:

211 2831 247 2872 Sic
258 2832 307 2872 iude
316 2833 358 2872 huc
368 2844 441 2873 omnes
452 2838 554 2883 tauquam
564 2834 592 2873 ad
604 2835 686 2874 vivaria
696 2837 792 2874 currunt.

210 2898 258 2945 Qua
269 2896 354 2938 fornace
364 2910 446 2949 graves,
457 2911 500 2949 qua
510 2911 552 2938 non
562 2900 640 2941 incude
652 2901 746 2940 catenat

142 2968 183 3007 310
212 2965 323 3005 Maximus
334 2967 354 3004 in
364 2968 440 3007 vinclis
450 2965 500 3006 ferri
510 2966 597 3017 modus,·
607 2974 632 3007 ut
642 2969 719 3007 timeas
728 2975 754 3005 ne
842 2959 856 2986 ⁸

134 3066 135 3071 ,
210 3032 291 3071 Vomer
301 3030 395 3083 deficiat,
405 3044 431 3073 ne
442 3044 518 3072 marrae
529 3042 551 3074 et
561 3034 646 3074 sarcula
658 3033 736 3073 desint.

212 3099 296 3139 Felices
305 3110 434 3151 proavorum
444 3104 526 3149 atavos,
537 3100 610 3141 felicia
620 3101 680 3140 dicas

209 3165 305 3216 Saecula,
315 3177 363 3216 quae
372 3166 480 3217 quondam
491 3169 531 3207 sub
541 3169 628 3218 regibus
638 3172 704 3217 atque
715 3166 807 3207 tribunis

211 3233 318 3273 Viderunt
329 3246 370 3273 uuo
381 3239 501 3275 contentam
514 3247 599 3275 carcere
610 3235 698 3275 Romam
709 3234 714 3273 l

806 3298 837 3347 it
