2284 3650
422 20 539 70 satine
555 20 622 68 tiit.
899 24 945 69 att

87 129 127 192 de
152 129 304 210 Thymele,
326 137 356 189 et
378 129 404 189 le
424 128 552 207 ooll'egne
573 125 614 186 dn
630 124 746 207 stupide
761 125 952 188 Corinthius?

89 223 169 285 Rieu
176 222 421 283 d'etonnantdans
431 243 470 281 un
478 221 565 281 noble
575 220 712 292 histrien,
721 221 819 300 quand
829 241 949 282 unam-

88 337 197 399 pereur
208 337 238 377 se
248 316 298 376 tait
308 317 417 397 jouenr
428 317 464 377 de
476 316 579 397 harpe.
592 314 670 388 Quoi
682 314 717 374 de
729 316 795 396 plus
806 316 950 391 honteux,

9 447 10 450 κ
89 410 281 473 sicen'estde
291 411 402 471 sefaire
411 410 590 490 gladiateur‘l
600 411 645 469 Eh
658 409 742 468 hient
754 412 846 470 Romo
856 410 950 470 asubi

90 514 169 569 cette
187 505 319 566 infamie.
335 506 481 567 Gracchus
500 526 529 565 se
543 504 663 586 produit
683 525 734 564 sur
747 505 871 578 l'arene,
891 526 951 567 non

90 620 144 683 pas
154 620 266 661 comme
278 601 305 660 le
320 599 479 660 Mirmillon
491 602 564 678 (55),
579 603 660 659 acme
671 599 760 659 d'une
779 600 860 673 laur,
882 608 911 659 et
923 601 952 661 le

87 695 188 775 visage
200 695 337 774 ombrage
351 695 422 754 d’un
435 715 539 774 casque
553 715 560 753 z
578 693 598 752 il
611 693 735 773 mcprise
752 712 800 753 ces
815 694 951 773 deguise-

89 799 188 851 ments
201 797 231 849 et
241 788 283 848 les
296 789 417 849 deteste.
430 789 456 847 Α
469 788 638 860 ddcouvert,
654 787 745 847 d‘une
756 786 836 847 main
847 786 951 847 balan·

89 893 159 962 cant
171 885 199 945 le
209 883 329 956 trident,
344 882 380 943 de
393 883 499 943 l'autre
511 883 531 941 il
544 883 625 942 lance
640 882 667 942 le
678 882 750 942 filet.
764 881 856 943 d·t·il
870 902 955 942 man·

89 980 150 1061 qud
163 999 215 1040 son
228 999 315 1059 conp,
336 978 355 1036 il
371 978 464 1058 prend
477 976 505 1037 la
519 976 605 1049 luite,
624 984 665 1049 et,
689 976 786 1036 latete
802 976 905 1050 haute,
920 996 953 1038 se

88 1072 146 1134 fait
154 1075 335 1135 reconnaitre
345 1071 381 1132 de
391 1079 457 1132 tous
471 1071 511 1131 les
521 1077 708 1151 spectateurs.
721 1069 799 1129 C'est
811 1069 866 1143 lui,
882 1071 952 1131 n'en

85 1168 214 1229 doutons
225 1187 287 1248 pas,
301 1186 476 1246 croyons·en
496 1185 527 1225 sa
546 1164 671 1244 tunique
682 1166 757 1244 (56),
774 1184 818 1225 ses
830 1169 952 1226 reseanx

86 1261 164 1335 d’or,
175 1270 205 1321 et
220 1261 261 1321 les
274 1260 454 1320 bandelettes
468 1259 656 1319 flottantesde
667 1279 698 1318 sa
711 1258 798 1320 mitre
807 1260 949 1321 salienne.

90 1353 261 1435 Gependunt
281 1354 309 1414 le
328 1352 499 1426 llirmillon,
516 1354 593 1414 force
614 1352 650 1412 de
671 1353 698 1412 le
720 1352 891 1427 combuttre,
907 1362 953 1414 est

89 1450 158 1531 plus
179 1447 304 1509 sensible
324 1450 341 1508 it
358 1456 405 1508 cet
418 1448 524 1509 affront
536 1449 646 1527 qn'nux
659 1446 802 1507 blessures
822 1448 863 1507 les
884 1448 952 1527 plus

88 1545 226 1606 cruelles.

133 1638 185 1700 S’il
195 1635 265 1699 etait
275 1636 382 1718 pennis
390 1656 426 1696 au
438 1634 587 1718 peuplede
598 1632 773 1714 s'expliquer
782 1631 952 1707 librement,

92 1733 145 1814 qui
157 1733 244 1793 serait
258 1752 334 1791 assez
346 1751 463 1812 pervers
478 1750 553 1810 pour
564 1748 602 1788 ne
615 1747 666 1808 pas
679 1727 807 1806 prele'rer
820 1727 954 1806 seneque

92 1830 158 1889 dee
176 1830 272 1888 Nc'ron
288 1828 363 1905 (57),
377 1826 428 1907 qui
443 1824 548 1885 me'rita
562 1823 628 1904 plus
646 1842 703 1902 que
717 1821 745 1881 le
760 1820 889 1902 supplice
902 1821 955 1882 des

203 2011 246 2050 Res
256 2008 316 2050 baud
326 2011 382 2050 mira
392 2014 472 2057 tamen,
482 2007 602 2049 citharoedo
613 2007 722 2060 Principe,
734 2007 815 2048 mimus

204 2078 296 2120 Nobilis.
308 2077 362 2117 Haec
372 2078 431 2117 ultra
442 2075 495 2127 quid
505 2076 546 2115 erit
556 2076 598 2114 nisi
608 2074 686 2115 ludust
696 2078 719 2115 et
728 2074 782 2114 illud

136 2145 177 2184 Ἡ)
203 2144 305 2184 Dedecus
312 2144 373 2183 urbis
382 2143 456 2181 habes.
467 2141 514 2181 Nec
526 2140 667 2180 Mirmillonis
676 2142 698 2180 in
707 2141 780 2190 armis,

204 2212 251 2252 Nec
262 2212 339 2264 clypeo
349 2209 472 2251 Gracchum
481 2212 622 2262 pugnantem,
635 2213 674 2250 aut
684 2207 740 2249 ialce
750 2209 835 2262 supina,

205 2278 312 2332 (Damnat
323 2279 380 2318 enim
390 2277 445 2318 tales
454 2277 551 2327 habitus,
561 2280 584 2317 et
593 2276 681 2318 damnat
689 2280 711 2317 et
722 2276 783 2331 odit)

205 2345 253 2386 Nec
264 2346 327 2397 galea
337 2343 414 2385 taciem
425 2343 552 2384 abscondit:
566 2347 638 2386 movet
647 2355 696 2385 ecce
707 2343 833 2387 tridentem.

205 2411 325 2464 Postquam
336 2410 422 2451 vibrata
430 2408 547 2462 pendentia
557 2411 614 2450 retia
622 2409 700 2452 dextra

136 2478 179 2520 205
205 2477 359 2529 Nequicquam
369 2476 455 2526 effudit,
467 2475 550 2517 nudum
559 2476 588 2516 ad
600 2477 726 2530 spectacula
734 2476 820 2518 nultum

204 2546 283 2597 Erigit,
295 2549 317 2585 et
328 2548 376 2585 tota
385 2543 441 2595 fugit
453 2544 601 2595 agnoscendus
611 2556 689 2585 arena:

205 2611 327 2653 Credamus
336 2613 423 2661 tunicae,
435 2612 463 2652 de
473 2606 572 2652 faucibus
582 2623 647 2652 aurea
653 2622 721 2663 quum
730 2621 754 2650 se

206 2679 315 2731 Porrigat,
326 2682 348 2718 et
358 2677 421 2729 longo
430 2679 526 2730 jactetur
535 2676 685 2730 spira'galero.

206 2746 265 2796 Ergo
275 2746 414 2795 ignominiam
424 2746 544 2795 graviorem
552 2742 644 2795 pertulit
653 2732 717 2783 orant

137 2814 180 2855 210
206 2811 312 2861 Vulnere,
323 2822 373 2851 cum
383 2810 481 2852 Graccho
490 2809 564 2861 jussus
575 2818 672 2860 pugnare
682 2811 776 2848 secutor.

212 2904 214 2908 ·
235 2876 314 2918 Libera
322 2878 340 2916 si
350 2878 430 2917 dentur
438 2875 519 2928 populo
529 2874 639 2925 sutfragia,
652 2875 756 2926 quietam

209 2944 321 2998 Perditus,
331 2950 357 2986 ut
366 2944 454 2985 dubitet
462 2943 566 2984 Senecam
578 2942 679 2995 preferre
690 2941 780 2991 Neroni,

208 3011 279 3063 Cujus
286 3012 393 3064 supplicio
402 3021 444 3051 non
452 3009 528 3049 debuit
540 3020 583 3048 una
590 3009 659 3060 parari

208 3077 285 3128 Simia,
295 3088 334 3119 nee
345 3088 432 3130 serpens
441 3087 505 3127 unus,
514 3086 555 3116 nec
566 3074 642 3115 culeus
652 3075 721 3116 unus!
