2284 3650
203 147 254 196 {⁴8
557 146 676 196 sartan
692 147 712 196 i.

205 262 283 303 mers
297 242 475 304 tournissent
490 243 525 304 de
545 243 611 323 plus
624 243 725 324 e‘xquis
737 264 745 304 z
757 244 779 304 il
801 243 919 324 posside
932 253 1000 305 eent
1016 254 1066 305 ta·

206 335 279 408 bles,
305 335 408 410 helles,
432 335 611 416 spanienses,
636 335 770 417 antiques
790 340 873 416 (5¹03
898 359 958 399 une
986 341 1067 400 seule

205 430 288 489 suffit
306 431 324 489 a
343 449 386 490 ses
405 429 510 510 pareils
530 450 605 510 pour·
623 450 642 510 y
657 450 811 491 eonsamer
830 451 872 491 un
890 431 1067 512 patrimoine

206 521 360 583 immense.
386 555 429 569 -
449 523 523 582 Tant
540 520 658 594 nient,
682 542 756 582 nous
780 524 921 585 n’aurons
941 524 1009 604 plus
1033 523 1068 584 de

208 616 357 696 parasitos.
369 615 490 677 -iiais
504 636 536 676 ee
554 618 622 677 luae
640 615 754 678 sordide
768 637 806 677 en
822 617 949 678 serait-il
973 617 1068 679 moins

206 709 447 792 insupportablei
461 709 637 785 Coneoit-on
659 710 688 770 la
708 711 836 772 voracite
855 711 929 773 d’an
948 711 1069 772 homme

208 824 238 864 so
248 804 352 866 faisant
360 801 462 878 servir,
474 802 602 882 pourlui
612 803 686 876 seui,
698 825 740 863 un
750 803 876 884 sanglier
885 811 950 864 tout
962 803 1068 876 entier,

206 898 316 958 animal
337 917 396 977 que
416 897 444 957 la
463 904 567 957 nature
590 896 706 956 destina
729 917 804 977 pour
826 896 868 956 ies
883 895 1002 956 festinsi
1022 896 1069 956 Au

208 999 303 1064 reste,
328 989 355 1050 le
377 989 539 1050 ehitiment
559 996 603 1049 est
626 992 708 1068 piet,
731 989 862 1069 lorsque,
887 996 952 1049 tout
974 989 1070 1068 gonile'

209 1085 393 1158 daimonte,
410 1093 443 1144 tu
468 1093 497 1144 te
512 1083 687 1146 deshabiiles
712 1104 787 1164 pour
810 1091 928 1164 porter,
950 1083 1024 1143 dans
1043 1083 1068 1145 le

207 1176 279 1239 hain
295 1178 371 1256 (58),
394 1197 426 1237 ee
449 1197 524 1256 paon
544 1177 603 1237 mai
622 1175 721 1256 dige're
743 1177 820 1254 (59).
843 1177 885 1237 De
903 1177 932 1236 ia
953 1183 1018 1236 tant
1034 1177 1068 1236 de

209 1278 301 1331 moris
325 1269 451 1344 suhites,
476 1270 512 1331 de
533 1269 680 1331 vieillards
702 1269 843 1333 intestats.
874 1272 913 1330 La
934 1270 1069 1331 nouvelle

208 1372 294 1423 court
313 1366 417 1444 egaper
432 1383 483 1424 nos
497 1384 616 1444 soupers
635 1383 643 1424 :
662 1362 703 1423 les
728 1362 830 1424 olienis
852 1369 996 1424 escortent
1019 1383 1068 1423 son

209 1457 323 1530 conani,
349 1456 467 1517 furieux
488 1456 579 1517 d'une
602 1462 680 1517 mort
701 1458 720 1516 a
737 1456 863 1539 laquelle
885 1476 924 1517 on
942 1475 982 1547 pe
1000 1464 1069 1538 peut

209 1549 428 1631 qu'appiaudir.

252 1645 293 1703 La
314 1643 451 1725 posterite
471 1644 635 1724 n'ajoutera
656 1644 722 1706 rien
743 1644 807 1704 ala
823 1641 1014 1724 depravation
1034 1642 1068 1702 de

210 1756 263 1798 nos
281 1757 390 1799 moeurs
405 1738 455 1818 :je
476 1737 549 1797 dolie
566 1758 618 1799 nes
636 1758 750 1798 neveur
769 1736 806 1798 de
826 1755 974 1818 surpasser
992 1735 1068 1795 leurs

211 1830 306 1907 peres,
327 1830 366 1888 Le
381 1834 443 1888 vice
456 1836 498 1888 est
510 1848 546 1888 au
559 1827 692 1899 comble;
707 1847 838 1906 voguons
851 1829 869 1885 a
882 1825 995 1906 pleines
1009 1824 1067 1885 voi·

208 1921 263 1981 les.
274 1955 317 1968 —
327 1923 369 1981 Un
385 1930 528 1994 moment,
538 1920 707 1982 dinen-vous
720 1942 726 1981 :
741 1928 823 1981 es·tu
837 1919 913 1980 done
927 1919 1002 1979 d'un
1022 1922 1069 1997 ge'·

211 2009 260 2073 nie
271 2014 334 2093 e'gal
348 2016 409 2073 ieta
420 2012 562 2074 mati'erei
576 2015 616 2074 Te
630 2021 758 2086 sens-tu,
774 2032 889 2074 comme
902 2019 946 2072 tes
958 2012 1068 2073 devan-

320 2215 378 2256 Nam
387 2216 415 2257 de
426 2220 460 2259 tot
469 2216 567 2270 pulchris
574 2221 597 2258 et
608 2218 659 2259 latii
668 2220 764 2269 orbibus,
774 2222 798 2260 et
808 2223 855 2261 um

319 2283 430 2334 Antiquis,
441 2294 485 2323 une
496 2283 615 2326 comedunt
624 2287 756 2338 patrimonia
765 2297 847 2327 measa.

319 2348 401 2389 Nullus
406 2348 458 2402 jem,
465 2351 573 2402 parasitus
582 2353 636 2392 eritt
645 2352 684 2392 sed
694 2353 744 2404 quis
755 2352 810 2393 teret
821 2354 875 2393 istas

254 2415 294 2457 140
322 2415 424 2456 Luxuriae
435 2415 521 2457 sordeat
530 2415 620 2464 Quanta
628 2421 662 2459 est
670 2420 722 2469 gula
731 2430 780 2471 quae
789 2419 830 2459 sibi
839 2422 898 2460 totos

320 2482 386 2523 Ponit
395 2493 466 2534 apros,
477 2483 558 2523 animal
568 2489 659 2537 propter
668 2486 767 2526 convivia
776 2487 865 2526 natum!

320 2550 388 2591 Poena
396 2554 470 2592 tamen
481 2562 583 2604 praesens,
594 2564 662 2604 quum
673 2557 698 2594 tu
710 2553 800 2606 deponis
807 2554 901 2594 amiotus

319 2615 438 2669 Turgidus,
448 2621 471 2658 et
481 2617 575 2659 crudum
582 2630 688 2671 pavonem
700 2620 722 2659 in
731 2619 809 2660 balnea
818 2622 908 2672 portu:

320 2683 378 2725 Hine
389 2685 468 2726 subite
478 2688 567 2735 mortes,
578 2690 644 2737 atque
654 2687 758 2727 intestata
768 2689 875 2727 senectus.

253 2750 293 2792 tto
320 2751 342 2791 It
351 2762 416 2801 nova,
426 2763 466 2792 nec
476 2752 552 2800 tristis.
563 2764 602 2804 per
611 2757 701 2794 cuneta
709 2752 785 2793 fabula
795 2762 883 2793 eoenao:

320 2816 414 2859 Ducitur
423 2818 484 2859 iratis
493 2817 641 2871 plaudendum
651 2818 716 2859 ianus
726 2819 811 2860 amieis.

348 2885 386 2926 Nil
395 2887 436 2927 erit
444 2886 543 2936 ulterius,
553 2886 614 2938 quod
622 2888 701 2927 nostris
711 2885 807 2926 moribus
816 2883 886 2928 addet

321 2951 439 2993 Posterius
443 2965 450 3003 ;
460 2952 538 2994 eadem
547 2954 636 3005 cupient
645 2952 768 3004 facientque
777 2951 878 2991 minores.

321 3017 389 3059 Omne
399 3019 421 3058 in
431 3019 538 3072 precipiti
549 3020 629 3060 vitium
641 3018 703 3059 stetit
714 3030 720 3057 ε
732 3021 794 3058 utere
804 3016 859 3056 veiis
864 3029 872 3065 ;

254 3084 294 3126 iso
320 3083 388 3124 Totos
401 3083 472 3137 pande
481 3084 549 3126 sinuo.
558 3085 624 3125 Dicae
635 3085 671 3125 hic
679 3083 771 3124 fonitan
782 3094 788 3122 2
799 3081 863 3124 Unde

322 3151 435 3203 Ingenium
444 3164 484 3208 par
494 3154 602 3195 materiai
616 3151 674 3193 unde
685 3150 723 3192 ilia
734 3150 831 3214 priorum
