2284 3650
172 142 219 186 eoo
503 131 620 179 senne
638 131 705 178 xor.
1119 112 1126 191 l

169 231 259 308 jenne
276 227 358 286 Hebe
378 225 468 285 servir·
482 225 683 296 demensum,
702 224 733 282 ni
748 223 869 283 Vulcain
885 234 1061 305 essuyant,
1125 216 1126 233 ³

172 326 255 402 apres
276 320 409 381 avoirbu
430 321 455 380 le
477 327 587 391 nectar,
611 339 654 378 ses
673 318 739 377 bras
761 319 894 377 eufume's
916 317 1004 379 dans
1026 340 1065 380 sa

173 417 252 494 forge
267 415 302 474 de
325 415 429 494 Lipare
443 415 517 492 (lu).
534 414 617 472 Alors
631 413 744 492 chaque
759 411 827 471 dieu
850 411 948 472 dinait
976 414 1061 474 chen

174 509 214 568 soi
228 530 234 568 :
252 509 280 566 la
290 508 367 566 loule
381 528 417 566 en
430 506 500 566 enit
513 506 581 565 bien
595 505 727 565 moindre
742 505 847 585 qu'elle
859 525 897 564 ne
908 506 984 566 l'est
1000 529 1060 567 au-

172 600 344 679 jour-d'nui;
361 608 390 660 et
405 601 430 659 le
451 599 517 671 ciel,
542 606 660 658 content
675 598 710 658 de
725 600 865 678 quelques
885 598 1053 676 divinitds‚

175 695 267 774 peseit
279 694 374 753 moins
384 715 434 752 sur
446 694 485 752 les
500 693 618 772 epaules
628 691 666 750 du
683 692 875 751 malhenreux
889 693 992 755 Atlas.
1012 697 1055 755 Le

175 795 232 845 sort
255 787 363 846 n'arait
384 786 465 865 point
485 805 589 844 encore
609 784 704 843 ‹lonne'
719 786 736 843 b
754 786 889 863 Neptune
907 784 935 844 le
962 787 1054 848 triste

176 880 286 960 empire
305 882 340 940 de
360 880 488 951 l'ablme
505 878 535 937 ni
556 898 593 936 an
614 879 751 937 tarouche
771 880 888 950 Pluton,
904 898 980 939 avec
996 902 1052 941 son

177 979 283 1052 c'pouse
298 974 459 1045 sicilienne,
479 972 554 1031 celui
570 972 610 1030 du
627 974 750 1042 Tenere,
766 973 804 1030 ob
818 971 838 1030 il
853 972 902 1050 n'y
917 973 1004 1032 avait
1020 976 1052 1033 ni

179 1087 259 1137 rone,
280 1067 308 1123 ni
326 1087 384 1138 roe,
401 1067 431 1124 ni
449 1065 560 1140 Furies,
576 1065 606 1124 ni
619 1073 755 1138 vernoun,
768 1064 866 1144 quand
879 1066 919 1124 les
932 1067 1048 1143 enfers,

46 1189 49 1194 ·
132 1202 134 1206 ,
178 1178 242 1216 sans
252 1167 360 1236 tyrone,
373 1179 409 1218 ne
421 1160 670 1239 eontenaientqne
681 1155 730 1217 des
742 1158 856 1218 ombres
866 1159 1048 1220 heureuses,

218 1251 302 1310 Alors
323 1251 500 1331 l'improbile
524 1253 650 1333 lrappeit
671 1253 888 1325 d'etonnement
900 1254 982 1330 (15);
1009 1275 1047 1314 on

181 1343 324 1423 regardait
338 1365 451 1405 connne
465 1367 506 1405 un
523 1347 613 1406 crime
630 1351 747 1406 enorme
769 1355 798 1406 et
818 1345 921 1425 capital
943 1348 1047 1427 quand

184 1459 222 1496 nn
234 1440 322 1516 jeuue
342 1441 518 1500 homme-ne
546 1462 575 1500 se
598 1439 685 1500 leveit
709 1461 759 1521 pas
784 1443 801 1500 b
824 1441 942 1520 l'aspecl
970 1441 1045 1501 d'un

181 1533 312 1595 vieillerd
329 1537 403 1611 (ll),
426 1556 465 1594 ou
488 1555 529 1593 nn
558 1526 658 1595 enlant
680 1534 787 1594 beelui
810 1533 880 1617 dont
899 1535 927 1592 la
950 1534 1043 1617 barbe

181 1627 316 1706 pointed,
331 1628 459 1708 quoique
474 1635 519 1687 cet
536 1628 636 1687 enfant
650 1631 691 1686 vil
711 1627 781 1686 dens
799 1647 829 1686 sa
848 1626 959 1687 maison
975 1629 1043 1707 plus

181 1717 216 1778 de
233 1719 328 1792 fruits‚
345 1721 380 1780 de
395 1721 460 1799 plus
475 1720 579 1798 grands
601 1741 759 1780 monceaux
784 1720 819 1779 de
841 1719 960 1798 glends:
978 1728 1042 1780 tant

182 1821 284 1891 quatre
298 1816 403 1874 annees
418 1814 453 1873 de
470 1815 534 1894 plus
548 1813 749 1895 imprimeient
760 1811 807 1873 'ile
825 1815 954 1894 respect!
978 1820 1042 1874 tant

183 1925 241 1965 nne
251 1907 339 1966 barbe
348 1907 492 1967 naissente
502 1907 650 1987 paraissnit
661 1907 824 1978 ve'nerable,
837 1915 865 1966 et
877 1927 934 1967 non
945 1907 1042 1977 moins

184 2018 240 2077 que
255 1999 399 2079 l'auguste
409 2001 548 2061 vie'illesse
560 2004 566 2058 l
586 2000 766 2059 Maintenant
779 2000 802 2058 si
813 2008 862 2059 lon
872 2000 932 2059 emi
944 2021 981 2060 nc
993 2000 1041 2060 nie

237 2204 263 2241 le
290 2203 383 2243 Brachia
393 2204 506 2243 Vulcanus
516 2204 605 2255 liparaea
616 2204 678 2254 nigra
688 2202 785 2243 taberna.

290 2269 416 2311 Prandebat
427 2272 468 2310 sibi
480 2273 572 2320 quisque
587 2271 640 2311 dens
651 2284 655 2310 :
666 2282 705 2310 nec
716 2271 781 2310 turba
790 2270 879 2308 deorum

291 2338 351 2377 Talis
361 2342 386 2377 ut
394 2342 428 2377 est
438 2337 516 2387 hodie;
528 2342 672 2388 contentaque
684 2336 755 2376 sidera
764 2336 839 2389 paucis

292 2404 425 2444 Numinibus
436 2406 537 2444 miserum
550 2406 655 2456 urgebant
665 2404 757 2444 Atlanta
769 2402 846 2442 minori

291 2471 397 2512 Pondere.
409 2471 512 2519 Nondum
523 2472 603 2520 aliquis
612 2472 702 2511 sortitus
714 2472 775 2511 triste
785 2467 886 2522 profundi

240 2541 266 2579 50
294 2538 420 2590 Imperium,
435 2543 473 2578 ant
482 2538 550 2577 sicula
562 2542 636 2577 torvus
644 2549 694 2577 eum
705 2537 796 2589 conjuge
807 2536 886 2576 Plnton
899 2548 905 2576 t

292 2608 338 2647 Nec
350 2610 405 2655 rota,
416 2617 455 2645 nec
466 2606 546 2656 Furia,
554 2616 593 2644 nec
603 2615 689 2654 saxum,
701 2610 739 2644 aut
747 2604 839 2644 vulturis
849 2602 891 2642 atri

295 2675 370 2722 Poena,
383 2674 420 2714 sed
432 2673 519 2713 infernis
533 2673 613 2724 hilares
625 2673 670 2712 sine
680 2672 765 2722 regibus
775 2672 867 2712 umbrae.

319 2742 448 2794 Improbitas
458 2741 496 2780 illo
508 2739 550 2780 luit
562 2738 696 2789 admirabilis
706 2750 758 2778 aevo.

293 2806 415 2847 Credebant
428 2808 467 2845 hoc
478 2805 558 2856 grande
569 2803 630 2844 nefas
641 2810 663 2845 et
672 2809 741 2844 morte
754 2802 865 2855 piandum,

242 2874 267 2915 55
295 2873 318 2913 Si
326 2875 413 2925 juvenis
422 2873 494 2912 vetulo
504 2883 545 2911 non
556 2875 711 2920 assurrexerat,
721 2874 742 2911 et
755 2871 773 2910 si

293 2940 388 2980 Barbato
399 2942 529 2991 cuicumque
544 2950 598 2991 puer
605 2952 611 2988 ;
624 2939 676 2978 licet
688 2939 733 2990 ipse
743 2936 828 2977 uideret

293 3007 359 3046 Plura
367 3006 425 3046 domi
434 3007 501 3057 fraga,
511 3011 533 3047 et
542 3007 635 3059 majores
645 3004 729 3056 glandis
740 3016 827 3045 acervos

294 3070 350 3112 Tam
360 3074 481 3112 venerabile
491 3078 537 3112 erat
548 3071 669 3125 precedere
678 3076 782 3122 quattuor
793 3070 864 3109 annis!

293 3139 410 3188 Primaque
420 3149 457 3190 par
468 3138 522 3179 adeo
533 3150 600 3179 sacrae
610 3139 689 3190 lanugo
700 3136 802 3179 senectae!
