2284 3650
388 368 506 417 sarius
523 371 589 420 l'lll.
869 379 916 425 3¹15

54 465 250 545 sublimeque
261 462 395 524 lavdtre‘l
405 466 470 525 Non
481 465 576 526 moins
585 465 702 527 lurieux
714 487 771 547 que
783 468 824 528 les
838 469 918 529 Gau-

55 562 125 635 Ιιιίε,
139 580 208 620 vous
222 562 388 639 pre'parttes
399 559 561 639 cependant
576 561 617 621 les
629 581 724 621 armes
736 568 765 621 et
779 561 820 622 les
834 563 920 623 llam-

53 657 153 717 beaux
167 653 219 734 qui
233 652 377 726 devaient,
393 653 520 734 pendant
532 655 560 715 la
575 653 652 727 nuit,
669 674 829 728 renverser‚
846 677 920 717 con-

53 768 219 811 sumernos
230 748 388 827 templeset
400 769 452 809 nos
467 748 609 818 maisons;
623 749 718 830 projet
734 749 821 828 digne
838 750 873 809 de
892 751 920 810 ln

53 845 129 905 robe
140 842 324 923 soulreelcll)
341 844 348 899 Ε
365 842 437 912 blais
452 844 478 903 le
494 843 595 903 consul
610 842 706 916 veille,
721 850 750 903 et
761 847 855 903 arrete
870 864 918 905 vos

53 937 221 1017 enseignes.
242 935 295 996 Cet
309 935 428 997 homme
449 958 595 1010 romeon,
619 946 664 998 cet
686 938 791 998 obscur
805 937 918 1020 citopeu

53 1031 233 1112 d'Arpinum
248 1031 323 1109 (lu),
338 1034 403 1091 cre'e
416 1030 520 1111 depuis
534 1052 592 1113 peu
607 1031 764 1109 chevalier,
784 1052 851 1114 pose
868 1032 918 1094 des

53 1126 171 1207 goldes
187 1143 300 1184 rassure
313 1126 355 1184 les
369 1124 483 1205 esprits,
503 1133 532 1185 et
552 1124 631 1185 suisit
655 1126 725 1186 d’un
745 1147 819 1207 coup
839 1126 919 1189 d'oeil

54 1227 154 1280 tontes
164 1218 206 1277 les
217 1237 376 1277 ressources
388 1217 423 1277 de
435 1221 463 1280 la
472 1218 587 1279 nation:
598 1219 673 1280 aussi
684 1221 764 1280 sut-il
777 1241 813 1282 en
825 1229 919 1304 temps

53 1313 91 1374 de
107 1311 176 1393 pair
188 1312 263 1390 (in),
281 1318 311 1371 et
322 1310 394 1370 dans
413 1333 464 1371 nos
484 1333 577 1387 murs,
594 1314 708 1374 comble
723 1315 812 1375 d'une
827 1316 917 1395 gleire

53 1405 219 1488 preferable
230 1425 287 1464 aux
303 1403 425 1465 lauriers
443 1407 642 1486 ensanglunte's
654 1409 812 1487 qn’Octave
827 1409 916 1470 mois-

53 1522 148 1562 sonna
164 1503 230 1581 pres
242 1497 388 1559 d'Aclium
399 1507 427 1559 et
441 1501 511 1560 dens
521 1500 561 1560 les
571 1501 691 1580 champs
710 1501 746 1561 de
760 1501 916 1562 Thessalie.

55 1598 167 1668 Rome,
193 1593 266 1654 libre
290 1612 343 1674 par
360 1593 480 1654 Cice'ron
496 1596 576 1673 (50),
602 1593 726 1673 l'appela
749 1613 874 1655 sauveur
889 1601 918 1653 et

55 1694 126 1770 pere
141 1690 176 1749 de
192 1689 219 1748 la
232 1687 325 1769 patrie
335 1690 409 1766 (51).

96 1786 143 1843 Un
160 1791 244 1844 autre
257 1782 391 1843 habitant
404 1781 592 1863 d'Arpinum
607 1781 730 1856 Marius,
748 1798 916 1857 commenca

53 1881 127 1941 chez
150 1880 191 1939 les
204 1879 343 1958 Volsques
363 1898 416 1958 par
432 1877 567 1937 labourer
581 1898 618 1937 en
632 1874 810 1936 mercenaire
825 1896 832 1935 :
849 1875 915 1956 plus

54 1973 133 2045 tard,
148 1972 174 2032 le
183 1971 336 2033 centurion
344 1970 446 2030 brisait
460 1971 486 2030 le
496 1978 626 2031 serment
638 1992 688 2030 sur
698 1991 729 2030 sa
745 1974 801 2030 tete
816 1967 914 2049 quand

53 2067 73 2127 il
90 2065 247 2127 travaillait
265 2074 330 2146 trop
345 2066 505 2126 lentement
521 2067 538 2125 ἐι
554 2065 677 2125 fortilier
691 2086 731 2124 un
753 2084 849 2144 camp.
874 2063 913 2124 Ce

165 2262 263 2303 Inveniet
274 2263 390 2315 quisquam
400 2260 525 2302 sublimius!
538 2273 598 2301 arma
608 2265 681 2302 tamen
690 2273 727 2302 ros

75 2353 80 2357 ·
165 2330 279 2371 Nocturna
288 2335 310 2370 et
320 2331 418 2370 flammas
429 2329 530 2369 domibus
541 2331 671 2383 templisque
681 2332 781 2382 parastis,

164 2398 195 2438 Ut
207 2399 355 2438 braccatorum
367 2399 437 2450 pueri,
448 2396 600 2449 Senonumque
612 2400 703 2438 minores
709 2411 716 2447 5

94 2463 136 2505 235
164 2464 219 2504 Ausi
230 2464 287 2516 quod
301 2464 366 2504 liceat
375 2465 448 2505 tunica
461 2466 537 2516 punire
549 2465 647 2505 molesta.

163 2531 207 2571 Sed
216 2532 293 2583 vigilat
304 2532 386 2581 consul,
396 2532 520 2582 vexillaque
530 2537 601 2573 vestra
612 2536 704 2572 coercet.

164 2597 207 2637 Hic
217 2608 291 2646 novus,
304 2600 397 2650 Arpinas
406 2597 515 2648 ignobilis,
528 2603 550 2638 et
560 2598 626 2638 modo
636 2599 710 2638 Romae

165 2662 308 2715 itlunicipalis
317 2675 383 2714 eques
393 2664 502 2714 galeatum
513 2665 574 2715 ponit
585 2664 666 2714 ubique

165 2729 294 2771 Praesidium
305 2733 410 2777 attonitis,
424 2735 445 2771 ct
456 2732 477 2769 in
485 2732 542 2770 omni
553 2736 617 2781 gente
626 2730 718 2769 laborat.

97 2799 139 2838 240
165 2798 261 2838 Tantum
269 2800 336 2849 igitur
346 2811 418 2839 muros
428 2802 484 2839 intra
495 2802 547 2849 toga
559 2798 651 2838 contulit
663 2797 695 2836 illl
751 2844 755 2853 ζ

167 2864 267 2904 Nominis
278 2870 300 2904 et
310 2867 377 2914 tituli,
388 2870 493 2917 qnantum
503 2876 544 2904 non
552 2864 660 2913 Leueade,
671 2868 777 2916 quantum

162 2931 282 2971 Thessaliae
291 2935 373 2985 campis
384 2933 487 2974 Octavius
499 2933 591 2973 abstulit
601 2932 645 2972 udo

164 2998 267 3040 Caedibus
279 3000 371 3040 assiduis
381 3002 461 3052 gladio¹
475 3000 517 3040 Sed
531 3000 600 3041 Roma
611 3004 730 3053 parentem,

165 3064 235 3106 Roma
244 3070 329 3119 patrem
338 3069 414 3122 patriae
424 3069 550 3108 Ciceronem
560 3069 628 3108 libera
640 3068 704 3109 dixit.

95 3132 137 3171 245
192 3132 286 3184 Arpinas
296 3133 352 3174 alius
363 3134 492 3174 Volscorum
505 3135 525 3173 in
538 3140 611 3175 monte
621 3134 704 3175 solebat

165 3199 260 3240 Poscere
269 3201 380 3241 mercedes
390 3202 461 3242 alieno
470 3202 541 3241 lassus
551 3206 623 3253 aratro
633 3214 639 3240 r

165 3267 278 3307 Nodosam
289 3273 339 3320 post
349 3268 396 3308 haec
407 3268 519 3319 frangebat
528 3270 610 3310 vertice
620 3270 694 3318 vitem,

166 3332 189 3372 Si
201 3333 272 3373 lentus
281 3335 343 3386 pigra
355 3335 449 3374 muniret
461 3338 532 3375 castra
542 3335 640 3376 dolabra.
767 3326 769 3331 ’

166 3400 210 3440 Hic
223 3406 295 3441 tamen
306 3405 328 3442 et
340 3401 447 3449 Cimbros,
460 3405 482 3442 et
494 3413 579 3443 summa
589 3401 686 3455 pericula
697 3411 768 3441 rerum
