2284 3650
449 185 568 236 stituit
586 186 651 236 xlv.
932 193 979 239 tot

123 285 167 344 his
184 305 231 346 ces
241 306 319 346 vasus
337 285 443 346 cisclc's.
455 320 496 331 -
508 285 604 345 D'une
616 284 682 345 voix
696 285 881 356 fulminante¹
903 295 932 347 et
952 288 981 348 la

124 400 209 459 terge
223 382 240 438 a
254 380 282 439 la
298 379 389 452 atain,
407 388 437 438 tu
458 379 499 439 les
512 399 634 459 presses.
650 379 820 439 Miserable!
839 387 871 439 tu
886 381 980 440 crains

122 478 215 554 qu'un
226 474 362 555 poetique
374 474 511 553 langenr,
521 475 615 553 qu'un
627 473 770 534 vestibule
784 474 835 533 sali
848 494 901 554 par
914 474 981 534 l'or·

120 569 194 629 dure
208 568 280 628 d'uu
293 568 392 641 chien,
408 589 445 627 ne
456 568 604 647 choqnent
613 569 654 627 les
665 589 741 647 peux
750 567 821 627 d'un
833 571 978 647 e'trangeu

119 662 323 723 inconvenient
333 664 440 743 auquel
453 663 480 721 le
493 661 624 721 moindre
636 662 743 722 esclave
754 669 825 742 peut
837 662 981 723 reme'dicr

119 759 137 815 a
152 757 257 837 pende
272 757 340 816 lrais
352 759 434 835 (tl);
455 765 484 816 et
501 766 533 815 tn
551 777 588 816 ne
604 777 707 836 songes
719 777 769 836 pas
787 759 804 816 la
817 760 979 818 montrera

121 857 163 909 tes
173 850 287 910 enfants
301 849 463 913 unesainte
479 849 602 922 maison,
613 857 747 929 erempte
760 849 796 910 de
810 848 886 910 vices
900 859 929 909 et
940 850 979 910 de

120 941 289 1002 souilluresl
306 946 416 1016 (Iertes,
437 943 464 1001 la
482 942 574 1022 patrie
590 952 617 1003 te
631 942 692 1002 doit
712 942 865 1024 beaucoup
879 943 977 1024 quand

121 1043 152 1094 tu
167 1035 209 1095 lui
229 1037 338 1097 donnes
352 1057 393 1096 un
407 1057 541 1097 nouveau
560 1037 685 1116 citopon,
707 1058 821 1117 pourru
844 1036 979 1099 toutefois

119 1150 177 1209 que
188 1129 397 1192 tul'instruiscs
406 1134 423 1191 ia
432 1131 603 1191 labourerla
614 1140 700 1203 terre,
710 1130 826 1191 aservir
834 1151 885 1191 son
896 1150 976 1212 pays,

119 1224 174 1284 soit
187 1245 223 1285 au
238 1225 373 1301 bureau,
389 1225 444 1286 soit
460 1226 531 1285 dans
543 1226 584 1286 les
601 1246 709 1307 camps.
726 1227 801 1285 Tout
813 1224 927 1306 depend
941 1224 979 1285 de

118 1325 161 1378 tes
181 1319 257 1379 soins
277 1330 306 1381 et
325 1321 361 1381 de
383 1322 411 1379 la
434 1320 578 1400 premiere
598 1319 778 1379 institution.
799 1321 839 1378 La
854 1318 979 1397 cigogne

118 1404 235 1471 nouerit
252 1434 295 1472 ses
314 1413 400 1493 petits
414 1413 449 1473 dc
464 1419 596 1492 serpents
615 1420 644 1472 et
665 1412 701 1471 de
715 1411 825 1470 ldzards
838 1414 978 1469 ramassds

119 1503 179 1562 loiu
197 1504 247 1563 des
266 1514 363 1565 routcs
381 1506 514 1585 lrayees:
530 1504 610 1563 leurs
632 1504 702 1562 ailes
724 1524 784 1562 nne
795 1503 849 1561 fois
863 1508 979 1581 garnies

119 1596 155 1657 de
174 1598 299 1677 plumes,
318 1598 352 1658 ils
369 1599 560 1659 clrercheroni
577 1597 652 1657 aussi
668 1597 709 1656 les
721 1600 831 1656 memes
847 1594 975 1675 reptiles.

121 1694 159 1751 Le
173 1700 309 1765 vautour,
321 1693 453 1753 revolant
466 1714 535 1753 vers·
544 1693 585 1751 les
598 1691 686 1761 siem,
699 1692 765 1751 leur
777 1696 911 1770 rapporte
925 1687 975 1748 des

119 1784 273 1847 lamheaux
287 1787 419 1848 arrachds
440 1786 490 1848 des
514 1806 653 1847 carcusses
674 1785 710 1846 de
735 1784 865 1846 chevaux
890 1782 975 1844 etde

119 1879 230 1954 ahiem,
244 1902 282 1941 ou
295 1881 344 1941 des
360 1882 496 1942 cadavres
510 1880 672 1961 suspendes
687 1900 744 1939 aux
755 1878 864 1959 gibets:
877 1877 974 1936 laissoz

35 1987 41 1998 ¹
119 1978 224 2036 croitre
236 1983 311 2036 cette
323 1997 387 2037 racc
401 1976 597 2056 sangninaire,
611 1973 764 2035 laissea-lui
777 1972 848 2033 inire
858 1992 908 2032 sou
925 1971 973 2030 nid

227 2140 278 2180 Vox
289 2140 371 2183 domini
381 2140 434 2182 furit
443 2142 551 2190 instantis,
563 2142 689 2190 virgamque
700 2139 800 2178 tenentis.

227 2209 285 2260 Ergo
296 2211 360 2249 miser
368 2209 473 2262 trepidas,
485 2221 512 2256 ne
521 2214 616 2249 stercore
626 2206 682 2247 iada
692 2206 769 2245 canino

174 2276 201 2315 θ’)
227 2277 292 2317 Atria
303 2277 433 2330 displiceant
443 2277 514 2317 oculis
523 2275 629 2316 venientis
639 2274 712 2322 amici,

228 2341 263 2382 Ne
274 2343 360 2394 perlusa
371 2344 418 2382 luto
426 2344 454 2382 sit
466 2344 572 2395 porticum
585 2345 608 2380 et
619 2345 691 2381 umen
702 2350 745 2381 uuo

227 2409 330 2458 Semodio
340 2412 410 2451 scobs
420 2411 466 2450 haee
477 2408 579 2450 emendat
588 2408 685 2448 servulus
694 2418 758 2447 nnus.

230 2477 288 2518 illud
299 2489 340 2518 non
350 2479 428 2528 agitas,
440 2482 465 2517 ut
476 2481 574 2516 uncum
584 2475 642 2515 fliius
651 2474 710 2514 omni

229 2545 345 2598 Adspiciat
354 2546 400 2584 sine
410 2545 458 2584 labe
467 2543 564 2596 domum,
576 2544 674 2592 vitioque
683 2545 805 2589 carentem

176 2613 202 2651 to
229 2612 322 2653 Gratum
333 2619 373 2660 est,
385 2612 443 2661 quod
453 2612 530 2664 patriae
540 2613 609 2649 civem
620 2609 744 2661 populoque
753 2605 843 2656 dedisti,

229 2679 252 2718 Si
264 2679 317 2719 iacis
327 2685 352 2718 ut
362 2680 437 2731 patriae
449 2680 477 2718 sit
487 2678 585 2722 idoneus,
594 2677 656 2716 utilis
666 2675 729 2725 agris,

231 2746 297 2785 Utilis
307 2753 329 2786 et
339 2746 443 2785 bellorum
454 2749 478 2784 et
487 2744 548 2797 pacis
557 2743 623 2782 rebus
633 2739 731 2792 agendis.

232 2812 353 2852 Plurimum
361 2814 418 2853 enirn
430 2812 535 2860 intererit,
546 2809 626 2859 quibus
635 2809 718 2848 artibus
726 2811 749 2846 et
758 2806 838 2858 quibua
845 2805 904 2846 hune
915 2811 940 2846 tn

232 2879 331 2918 Moribus
340 2881 447 2920 instituas.
456 2878 560 2930 Serpente
569 2878 653 2917 ciconia
661 2874 733 2929 pullos

178 2946 205 2984 ⁷5
232 2945 316 2994 Nutrit,
326 2950 348 2986 et
358 2946 445 2986 inventa
452 2957 491 2997 per
501 2945 564 2983 deria
573 2956 623 2984 rura
634 2944 727 3002 lacerta3

232 3013 269 3053 liii
278 3012 354 3054 eadem
363 3014 455 3066 sumptis
463 3016 562 3064 quarunt
569 3012 671 3052 animalia
678 3013 761 3065 pennis.

232 3080 321 3128 Vultur,
328 3081 429 3132 jumento
438 3084 461 3120 et
470 3079 560 3119 canibus
571 3079 713 3129 crucibusque
722 3078 811 3126 relictis,

232 3146 269 3188 Aa
281 3146 346 3187 roetus
356 3151 465 3201 properat,
477 3151 605 3199 partemque
615 3144 726 3186 cadaveris
736 3144 798 3185 affert
810 3157 816 3184 ι

233 3215 276 3256 Hic
284 3221 318 3255 eet
327 3225 378 3265 ergo
389 3215 452 3255 cibus
458 3215 531 3266 magni
541 3225 629 3265 qnoque
638 3212 738 3259 ruituris,
747 3217 771 3251 et
781 3221 805 3250 ee
