<?xml version="1.0" encoding="UTF-8"?>
<!DOCTYPE html PUBLIC "-//W3C//DTD XHTML 1.0 Transitional//EN"
    "http://www.w3.org/TR/xhtml1/DTD/xhtml1-transitional.dtd">
<html xmlns="http://www.w3.org/1999/xhtml" xml:lang="en" lang="en">
 <head>
  <title>
</title>
<meta http-equiv="Content-Type" content="text/html;charset=utf-8" />
  <meta name='ocr-system' content='tesseract 3.04.00' />
  <meta name='ocr-capabilities' content='ocr_page ocr_carea ocr_par ocr_line ocrx_word'/>
</head>
<body>
  <div class='ocr_page' id='page_1' title='image "./persesatires00juvegoog_0572.png"; bbox 0 0 2284 3650; ppageno 0'>
   <div class='ocr_carea' id='block_1_1' title="bbox 177 151 737 222">
    <p class='ocr_par' dir='ltr' id='par_1_1' title="bbox 177 151 737 222">
     <span class='ocr_line' id='line_1_1' title="bbox 177 151 737 222; baseline -0.007 -1"><span class='ocrx_word' id='word_1_1' title='bbox 177 174 225 222; x_wconf 71' lang='lat' dir='ltr'><strong>tes</strong></span> <span class='ocrx_word' id='word_1_2' title='bbox 507 167 623 217; x_wconf 72' lang='lat' dir='ltr'><strong>sirrnn</strong></span> <span class='ocrx_word' id='word_1_3' title='bbox 639 168 691 217; x_wconf 84' lang='lat' dir='ltr'><strong>xv.</strong></span> <span class='ocrx_word' id='word_1_4' title='bbox 734 151 737 156; x_wconf 83' lang='grc'><strong>’</strong></span> 
     </span>
    </p>
   </div>
   <div class='ocr_carea' id='block_1_2' title="bbox 177 262 1071 2036">
    <p class='ocr_par' dir='ltr' id='par_1_2' title="bbox 177 262 1071 2036">
     <span class='ocr_line' id='line_1_2' title="bbox 177 262 1041 346; baseline -0.002 -21"><span class='ocrx_word' id='word_1_5' title='bbox 177 267 282 346; x_wconf 80' lang='lat' dir='ltr'><strong>places,</strong></span> <span class='ocrx_word' id='word_1_6' title='bbox 296 271 403 323; x_wconf 79' lang='lat' dir='ltr'><strong>auteur</strong></span> <span class='ocrx_word' id='word_1_7' title='bbox 417 263 580 344; x_wconf 84' lang='lat' dir='ltr'><strong>desquciics</strong></span> <span class='ocrx_word' id='word_1_8' title='bbox 600 265 629 322; x_wconf 83' lang='lat' dir='ltr'><strong>la</strong></span> <span class='ocrx_word' id='word_1_9' title='bbox 652 262 793 342; x_wconf 72' lang='lat' dir='ltr'><strong>septi‘eme</strong></span> <span class='ocrx_word' id='word_1_10' title='bbox 816 282 921 324; x_wconf 82' lang='lat' dir='ltr'><strong>aurore</strong></span> <span class='ocrx_word' id='word_1_11' title='bbox 938 283 1041 323; x_wconf 82' lang='lat' dir='ltr'><strong>acuu-</strong></span> 
     </span>
     <span class='ocr_line' id='line_1_3' title="bbox 178 355 1041 418; baseline -0.002 0"><span class='ocrx_word' id='word_1_12' title='bbox 178 368 261 418; x_wconf 85' lang='lat' dir='ltr'><strong>iume</strong></span> <span class='ocrx_word' id='word_1_13' title='bbox 271 356 306 418; x_wconf 88' lang='lat' dir='ltr'><strong>de</strong></span> <span class='ocrx_word' id='word_1_14' title='bbox 322 357 361 417; x_wconf 82' lang='lat' dir='ltr'><strong>ies</strong></span> <span class='ocrx_word' id='word_1_15' title='bbox 374 364 492 416; x_wconf 79' lang='lat' dir='ltr'><strong>trouver</strong></span> <span class='ocrx_word' id='word_1_16' title='bbox 508 355 633 416; x_wconf 82' lang='lat' dir='ltr'><strong>e&#39;iendus</strong></span> <span class='ocrx_word' id='word_1_17' title='bbox 645 375 697 416; x_wconf 88' lang='lat' dir='ltr'><strong>sur</strong></span> <span class='ocrx_word' id='word_1_18' title='bbox 708 357 788 415; x_wconf 85' lang='lat' dir='ltr'><strong>leurs</strong></span> <span class='ocrx_word' id='word_1_19' title='bbox 802 355 861 417; x_wconf 79' lang='lat' dir='ltr'><strong>iiis.</strong></span> <span class='ocrx_word' id='word_1_20' title='bbox 875 357 952 415; x_wconf 80' lang='lat' dir='ltr'><strong>Tout</strong></span> <span class='ocrx_word' id='word_1_21' title='bbox 970 376 1041 416; x_wconf 82' lang='lat' dir='ltr'><strong>sau·</strong></span> 
     </span>
     <span class='ocr_line' id='line_1_4' title="bbox 177 440 1045 532; baseline 0.001 -23"><span class='ocrx_word' id='word_1_22' title='bbox 177 474 249 532; x_wconf 83' lang='lat' dir='ltr'><strong>vage</strong></span> <span class='ocrx_word' id='word_1_23' title='bbox 263 451 336 532; x_wconf 80' lang='lat' dir='ltr'><strong>qu&#39;il</strong></span> <span class='ocrx_word' id='word_1_24' title='bbox 357 458 410 524; x_wconf 86' lang='lat' dir='ltr'><strong>est,</strong></span> <span class='ocrx_word' id='word_1_25' title='bbox 431 471 463 511; x_wconf 88' lang='lat' dir='ltr'><strong>ce</strong></span> <span class='ocrx_word' id='word_1_26' title='bbox 483 444 587 510; x_wconf 81' lang='lat' dir='ltr'><strong>carrion</strong></span> <span class='ocrx_word' id='word_1_27' title='bbox 609 440 765 529; x_wconf 72' lang='lat' dir='ltr'><strong>d&#39;Egypie,</strong></span> <span class='ocrx_word' id='word_1_28' title='bbox 781 448 855 509; x_wconf 86' lang='lat' dir='ltr'><strong>ainsi</strong></span> <span class='ocrx_word' id='word_1_29' title='bbox 870 470 927 530; x_wconf 85' lang='lat' dir='ltr'><strong>que</strong></span> <span class='ocrx_word' id='word_1_30' title='bbox 938 450 971 531; x_wconf 85' lang='lat' dir='ltr'><strong>je</strong></span> <span class='ocrx_word' id='word_1_31' title='bbox 993 451 1045 510; x_wconf 85' lang='lat' dir='ltr'><strong>i&#39;ai</strong></span> 
     </span>
     <span class='ocr_line' id='line_1_5' title="bbox 177 542 1046 626; baseline -0.002 -20"><span class='ocrx_word' id='word_1_32' title='bbox 177 548 345 626; x_wconf 78' lang='lat' dir='ltr'><strong>remarqud&#39;</strong></span> <span class='ocrx_word' id='word_1_33' title='bbox 356 544 542 618; x_wconf 67' lang='lat' dir='ltr'><strong>moi-mine,</strong></span> <span class='ocrx_word' id='word_1_34' title='bbox 565 565 603 604; x_wconf 87' lang='lat' dir='ltr'><strong>ne</strong></span> <span class='ocrx_word' id='word_1_35' title='bbox 618 545 644 604; x_wconf 85' lang='lat' dir='ltr'><strong>le</strong></span> <span class='ocrx_word' id='word_1_36' title='bbox 659 543 728 603; x_wconf 74' lang='lat' dir='ltr'><strong>c‘ede</strong></span> <span class='ocrx_word' id='word_1_37' title='bbox 743 542 827 623; x_wconf 86' lang='lat' dir='ltr'><strong>point</strong></span> <span class='ocrx_word' id='word_1_38' title='bbox 841 563 878 602; x_wconf 88' lang='lat' dir='ltr'><strong>en</strong></span> <span class='ocrx_word' id='word_1_39' title='bbox 890 544 1012 623; x_wconf 70' lang='lat' dir='ltr'><strong>voluptd</strong></span> <span class='ocrx_word' id='word_1_40' title='bbox 1029 547 1046 603; x_wconf 79' lang='lat' dir='ltr'><strong>d</strong></span> 
     </span>
     <span class='ocr_line' id='line_1_6' title="bbox 178 636 1047 720; baseline -0.003 -21"><span class='ocrx_word' id='word_1_41' title='bbox 178 639 309 699; x_wconf 77' lang='lat' dir='ltr'><strong>l&#39;iniame</strong></span> <span class='ocrx_word' id='word_1_42' title='bbox 329 640 455 720; x_wconf 82' lang='lat' dir='ltr'>Canope.</span> <span class='ocrx_word' id='word_1_43' title='bbox 476 639 582 717; x_wconf 79' lang='lat' dir='ltr'><strong>Ajoute</strong></span> <span class='ocrx_word' id='word_1_44' title='bbox 596 637 669 718; x_wconf 84' lang='lat' dir='ltr'><strong>qu&#39;ii</strong></span> <span class='ocrx_word' id='word_1_45' title='bbox 686 644 729 697; x_wconf 82' lang='lat' dir='ltr'><strong>esi</strong></span> <span class='ocrx_word' id='word_1_46' title='bbox 743 636 801 697; x_wconf 71' lang='lat' dir='ltr'><strong>aisti</strong></span> <span class='ocrx_word' id='word_1_47' title='bbox 814 638 850 697; x_wconf 84' lang='lat' dir='ltr'><strong>de</strong></span> <span class='ocrx_word' id='word_1_48' title='bbox 864 637 980 704; x_wconf 83' lang='lat' dir='ltr'><strong>rainere</strong></span> <span class='ocrx_word' id='word_1_49' title='bbox 995 638 1047 699; x_wconf 82' lang='lat' dir='ltr'><strong>des</strong></span> 
     </span>
     <span class='ocr_line' id='line_1_7' title="bbox 178 730 1045 812; baseline -0.003 -18"><span class='ocrx_word' id='word_1_50' title='bbox 178 732 311 794; x_wconf 83' lang='lat' dir='ltr'><strong>ennenris</strong></span> <span class='ocrx_word' id='word_1_51' title='bbox 333 733 458 805; x_wconf 81' lang='lat' dir='ltr'><strong>enirre&#39;s‚</strong></span> <span class='ocrx_word' id='word_1_52' title='bbox 479 733 636 812; x_wconf 69' lang='lat' dir='ltr'><strong>bdgayants</strong></span> <span class='ocrx_word' id='word_1_53' title='bbox 655 738 684 791; x_wconf 84' lang='lat' dir='ltr'><strong>et</strong></span> <span class='ocrx_word' id='word_1_54' title='bbox 704 731 900 791; x_wconf 76' lang='lat' dir='ltr'><strong>chanceianis.</strong></span> <span class='ocrx_word' id='word_1_55' title='bbox 917 730 1045 810; x_wconf 69' lang='lat' dir='ltr'><strong>Figura·-</strong></span> 
     </span>
     <span class='ocr_line' id='line_1_8' title="bbox 180 824 1048 906; baseline -0.001 -20"><span class='ocrx_word' id='word_1_56' title='bbox 180 827 220 888; x_wconf 82' lang='lat' dir='ltr'><strong>ioi</strong></span> <span class='ocrx_word' id='word_1_57' title='bbox 239 827 310 886; x_wconf 82' lang='lat' dir='ltr'><strong>d&#39;uu</strong></span> <span class='ocrx_word' id='word_1_58' title='bbox 324 830 387 887; x_wconf 70' lang='lat' dir='ltr'><strong>crite</strong></span> <span class='ocrx_word' id='word_1_59' title='bbox 404 826 447 896; x_wconf 80' lang='lat' dir='ltr'><strong>les</strong></span> <span class='ocrx_word' id='word_1_60' title='bbox 460 826 624 906; x_wconf 79' lang='lat' dir='ltr'><strong>Tentyrites</strong></span> <span class='ocrx_word' id='word_1_61' title='bbox 642 828 804 885; x_wconf 77' lang='lat' dir='ltr'><strong>couronniis</strong></span> <span class='ocrx_word' id='word_1_62' title='bbox 818 824 855 884; x_wconf 87' lang='lat' dir='ltr'><strong>de</strong></span> <span class='ocrx_word' id='word_1_63' title='bbox 872 826 974 898; x_wconf 84' lang='lat' dir='ltr'><strong>fleurs,</strong></span> <span class='ocrx_word' id='word_1_64' title='bbox 991 825 1048 885; x_wconf 83' lang='lat' dir='ltr'><strong>dc&#39;-</strong></span> 
     </span>
     <span class='ocr_line' id='line_1_9' title="bbox 178 918 1046 1001; baseline -0.002 -20"><span class='ocrx_word' id='word_1_65' title='bbox 178 921 357 1000; x_wconf 76' lang='lat' dir='ltr'><strong>goiitantsde</strong></span> <span class='ocrx_word' id='word_1_66' title='bbox 367 921 499 1001; x_wconf 68' lang='lat' dir='ltr'><strong>partums</strong></span> <span class='ocrx_word' id='word_1_67' title='bbox 511 920 564 979; x_wconf 84' lang='lat' dir='ltr'><strong>teis</strong></span> <span class='ocrx_word' id='word_1_68' title='bbox 574 922 705 999; x_wconf 83' lang='lat' dir='ltr'><strong>queis,ei</strong></span> <span class='ocrx_word' id='word_1_69' title='bbox 717 918 840 978; x_wconf 82' lang='lat' dir='ltr'><strong>dansant</strong></span> <span class='ocrx_word' id='word_1_70' title='bbox 854 928 961 978; x_wconf 80' lang='lat' dir='ltr'><strong>auteur</strong></span> <span class='ocrx_word' id='word_1_71' title='bbox 971 919 1046 979; x_wconf 87' lang='lat' dir='ltr'><strong>d’un</strong></span> 
     </span>
     <span class='ocr_line' id='line_1_10' title="bbox 180 1012 1071 1092; baseline 0 -18"><span class='ocrx_word' id='word_1_72' title='bbox 180 1015 246 1075; x_wconf 85' lang='lat' dir='ltr'><strong>noir</strong></span> <span class='ocrx_word' id='word_1_73' title='bbox 257 1017 386 1075; x_wconf 79' lang='lat' dir='ltr'><strong>ssirteur:</strong></span> <span class='ocrx_word' id='word_1_74' title='bbox 401 1015 437 1074; x_wconf 87' lang='lat' dir='ltr'><strong>de</strong></span> <span class='ocrx_word' id='word_1_75' title='bbox 450 1015 566 1087; x_wconf 72' lang='lat' dir='ltr'><strong>l’auuc,</strong></span> <span class='ocrx_word' id='word_1_76' title='bbox 583 1014 610 1073; x_wconf 87' lang='lat' dir='ltr'><strong>ia</strong></span> <span class='ocrx_word' id='word_1_77' title='bbox 624 1012 717 1072; x_wconf 84' lang='lat' dir='ltr'><strong>Haine</strong></span> <span class='ocrx_word' id='word_1_78' title='bbox 732 1014 749 1073; x_wconf 72' lang='grc' dir='ltr'><strong>ἐι</strong></span> <span class='ocrx_word' id='word_1_79' title='bbox 764 1013 849 1092; x_wconf 88' lang='lat' dir='ltr'><strong>jeun.</strong></span> <span class='ocrx_word' id='word_1_80' title='bbox 865 1014 911 1073; x_wconf 87' lang='lat' dir='ltr'><strong>On</strong></span> <span class='ocrx_word' id='word_1_81' title='bbox 921 1014 1047 1092; x_wconf 74' lang='lat' dir='ltr'><strong>pre&#39;iuda</strong></span> <span class='ocrx_word' id='word_1_82' title='bbox 1067 1027 1071 1033; x_wconf 87' lang='lat'>&#39;</span> 
     </span>
     <span class='ocr_line' id='line_1_11' title="bbox 180 1105 1048 1190; baseline 0 -22"><span class='ocrx_word' id='word_1_83' title='bbox 180 1129 232 1190; x_wconf 80' lang='lat' dir='ltr'><strong>par</strong></span> <span class='ocrx_word' id='word_1_84' title='bbox 241 1109 291 1169; x_wconf 81' lang='lat' dir='ltr'><strong>des</strong></span> <span class='ocrx_word' id='word_1_85' title='bbox 299 1109 412 1187; x_wconf 82' lang='lat' dir='ltr'><strong>injures</strong></span> <span class='ocrx_word' id='word_1_86' title='bbox 424 1129 431 1167; x_wconf 76' lang='grc' dir='ltr'><strong>ι</strong></span> <span class='ocrx_word' id='word_1_87' title='bbox 445 1110 515 1168; x_wconf 84' lang='lat' dir='ltr'><strong>e&#39;est</strong></span> <span class='ocrx_word' id='word_1_88' title='bbox 528 1108 554 1166; x_wconf 84' lang='lat' dir='ltr'><strong>ie</strong></span> <span class='ocrx_word' id='word_1_89' title='bbox 568 1107 660 1187; x_wconf 83' lang='lat' dir='ltr'><strong>signal</strong></span> <span class='ocrx_word' id='word_1_90' title='bbox 673 1105 711 1166; x_wconf 90' lang='lat' dir='ltr'><strong>du</strong></span> <span class='ocrx_word' id='word_1_91' title='bbox 728 1107 859 1177; x_wconf 53' lang='lat' dir='ltr'><strong>combam</strong></span> <span class='ocrx_word' id='word_1_92' title='bbox 874 1128 910 1167; x_wconf 82' lang='lat' dir='ltr'><strong>on</strong></span> <span class='ocrx_word' id='word_1_93' title='bbox 924 1108 1048 1168; x_wconf 84' lang='lat' dir='ltr'><strong>s&#39;enire·</strong></span> 
     </span>
     <span class='ocr_line' id='line_1_12' title="bbox 181 1201 1045 1282; baseline 0 -20"><span class='ocrx_word' id='word_1_94' title='bbox 181 1202 294 1282; x_wconf 83' lang='lat' dir='ltr'><strong>choque</strong></span> <span class='ocrx_word' id='word_1_95' title='bbox 306 1223 344 1262; x_wconf 82' lang='lat' dir='ltr'><strong>en</strong></span> <span class='ocrx_word' id='word_1_96' title='bbox 353 1208 491 1282; x_wconf 80' lang='lat' dir='ltr'><strong>poussani</strong></span> <span class='ocrx_word' id='word_1_97' title='bbox 501 1201 542 1261; x_wconf 89' lang='lat' dir='ltr'><strong>les</strong></span> <span class='ocrx_word' id='word_1_98' title='bbox 553 1205 664 1261; x_wconf 73' lang='lat' dir='ltr'><strong>memes</strong></span> <span class='ocrx_word' id='word_1_99' title='bbox 673 1201 740 1273; x_wconf 86' lang='lat' dir='ltr'><strong>cris,</strong></span> <span class='ocrx_word' id='word_1_100' title='bbox 755 1209 784 1261; x_wconf 88' lang='lat' dir='ltr'><strong>et</strong></span> <span class='ocrx_word' id='word_1_101' title='bbox 795 1203 822 1261; x_wconf 85' lang='lat' dir='ltr'><strong>ie</strong></span> <span class='ocrx_word' id='word_1_102' title='bbox 833 1201 900 1261; x_wconf 82' lang='lat' dir='ltr'><strong>bras</strong></span> <span class='ocrx_word' id='word_1_103' title='bbox 914 1222 958 1261; x_wconf 88' lang='lat' dir='ltr'><strong>nu</strong></span> <span class='ocrx_word' id='word_1_104' title='bbox 968 1204 1045 1264; x_wconf 73' lang='lat' dir='ltr'><strong>lieni</strong></span> 
     </span>
     <span class='ocr_line' id='line_1_13' title="bbox 183 1294 1046 1378; baseline 0.002 -25"><span class='ocrx_word' id='word_1_105' title='bbox 183 1295 242 1355; x_wconf 85' lang='lat' dir='ltr'><strong>lieu</strong></span> <span class='ocrx_word' id='word_1_106' title='bbox 256 1296 291 1354; x_wconf 86' lang='lat' dir='ltr'><strong>de</strong></span> <span class='ocrx_word' id='word_1_107' title='bbox 299 1295 419 1374; x_wconf 82' lang='lat' dir='ltr'><strong>jareiot.</strong></span> <span class='ocrx_word' id='word_1_108' title='bbox 433 1295 504 1375; x_wconf 73' lang='lat' dir='ltr'><strong>iidja</strong></span> <span class='ocrx_word' id='word_1_109' title='bbox 514 1316 572 1375; x_wconf 89' lang='lat' dir='ltr'><strong>peu</strong></span> <span class='ocrx_word' id='word_1_110' title='bbox 591 1294 627 1354; x_wconf 86' lang='lat' dir='ltr'><strong>de</strong></span> <span class='ocrx_word' id='word_1_111' title='bbox 638 1294 800 1355; x_wconf 74' lang='lat' dir='ltr'><strong>michoires</strong></span> <span class='ocrx_word' id='word_1_112' title='bbox 813 1304 878 1356; x_wconf 83' lang='lat' dir='ltr'><strong>sont</strong></span> <span class='ocrx_word' id='word_1_113' title='bbox 895 1305 1046 1378; x_wconf 69' lang='lat' dir='ltr'><strong>exemptos</strong></span> 
     </span>
     <span class='ocr_line' id='line_1_14' title="bbox 180 1390 1052 1471; baseline 0.001 -21"><span class='ocrx_word' id='word_1_114' title='bbox 180 1390 218 1450; x_wconf 86' lang='lat' dir='ltr'><strong>de</strong></span> <span class='ocrx_word' id='word_1_115' title='bbox 243 1390 405 1451; x_wconf 82' lang='lat' dir='ltr'><strong>biessurcs:</strong></span> <span class='ocrx_word' id='word_1_116' title='bbox 434 1391 551 1471; x_wconf 74' lang='lat' dir='ltr'><strong>dpeine</strong></span> <span class='ocrx_word' id='word_1_117' title='bbox 571 1398 616 1450; x_wconf 83' lang='lat' dir='ltr'><strong>&#39;un</strong></span> <span class='ocrx_word' id='word_1_118' title='bbox 638 1408 691 1451; x_wconf 80' lang='lat' dir='ltr'><strong>nez</strong></span> <span class='ocrx_word' id='word_1_119' title='bbox 706 1391 856 1455; x_wconf 58' lang='lat' dir='ltr'><strong>reste-teil</strong></span> <span class='ocrx_word' id='word_1_120' title='bbox 879 1412 915 1452; x_wconf 84' lang='lat' dir='ltr'><strong>en</strong></span> <span class='ocrx_word' id='word_1_121' title='bbox 931 1413 983 1452; x_wconf 85' lang='lat' dir='ltr'><strong>sou</strong></span> <span class='ocrx_word' id='word_1_122' title='bbox 997 1413 1052 1457; x_wconf 77' lang='lat' dir='ltr'><strong>cn,</strong></span> 
     </span>
     <span class='ocr_line' id='line_1_15' title="bbox 183 1483 1045 1564; baseline 0 -21"><span class='ocrx_word' id='word_1_123' title='bbox 183 1483 250 1557; x_wconf 82' lang='lat' dir='ltr'><strong>tier,</strong></span> <span class='ocrx_word' id='word_1_124' title='bbox 269 1485 293 1545; x_wconf 89' lang='lat' dir='ltr'><strong>si</strong></span> <span class='ocrx_word' id='word_1_125' title='bbox 315 1489 411 1546; x_wconf 68' lang='lat' dir='ltr'><strong>minae</strong></span> <span class='ocrx_word' id='word_1_126' title='bbox 426 1485 446 1544; x_wconf 81' lang='lat' dir='ltr'><strong>ii</strong></span> <span class='ocrx_word' id='word_1_127' title='bbox 462 1506 498 1545; x_wconf 88' lang='lat' dir='ltr'><strong>en</strong></span> <span class='ocrx_word' id='word_1_128' title='bbox 521 1494 596 1546; x_wconf 82' lang='lat' dir='ltr'><strong>reste</strong></span> <span class='ocrx_word' id='word_1_129' title='bbox 619 1506 672 1544; x_wconf 88' lang='lat' dir='ltr'><strong>un.</strong></span> <span class='ocrx_word' id='word_1_130' title='bbox 690 1485 729 1544; x_wconf 84' lang='lat' dir='ltr'><strong>Ce</strong></span> <span class='ocrx_word' id='word_1_131' title='bbox 753 1505 790 1544; x_wconf 87' lang='lat' dir='ltr'><strong>ne</strong></span> <span class='ocrx_word' id='word_1_132' title='bbox 800 1493 869 1564; x_wconf 20' lang='lat' dir='ltr'><strong>‘soni</strong></span> <span class='ocrx_word' id='word_1_133' title='bbox 889 1486 926 1546; x_wconf 89' lang='lat' dir='ltr'><strong>de</strong></span> <span class='ocrx_word' id='word_1_134' title='bbox 951 1493 1045 1546; x_wconf 79' lang='lat' dir='ltr'><strong>tontes</strong></span> 
     </span>
     <span class='ocr_line' id='line_1_16' title="bbox 183 1578 1044 1659; baseline 0.006 -24"><span class='ocrx_word' id='word_1_135' title='bbox 183 1586 262 1658; x_wconf 80' lang='lat' dir='ltr'><strong>parts</strong></span> <span class='ocrx_word' id='word_1_136' title='bbox 281 1599 338 1659; x_wconf 90' lang='lat' dir='ltr'><strong>quc</strong></span> <span class='ocrx_word' id='word_1_137' title='bbox 359 1580 433 1638; x_wconf 81' lang='lat' dir='ltr'><strong>iaces</strong></span> <span class='ocrx_word' id='word_1_138' title='bbox 455 1582 621 1659; x_wconf 53' lang='lat' dir='ltr'><strong>uunquid,</strong></span> <span class='ocrx_word' id='word_1_139' title='bbox 645 1579 753 1657; x_wconf 83' lang='lat' dir='ltr'><strong>figures</strong></span> <span class='ocrx_word' id='word_1_140' title='bbox 773 1578 1044 1649; x_wconf 63' lang='lat' dir='ltr'><strong>miconnaissabics,</strong></span> 
     </span>
     <span class='ocr_line' id='line_1_17' title="bbox 182 1666 1046 1751; baseline -0.001 -19"><span class='ocrx_word' id='word_1_141' title='bbox 182 1675 282 1732; x_wconf 78' lang='lat' dir='ltr'><strong>crdnes</strong></span> <span class='ocrx_word' id='word_1_142' title='bbox 303 1673 509 1746; x_wconf 77' lang='lat' dir='ltr'><strong>entr&#39;ouvertS,</strong></span> <span class='ocrx_word' id='word_1_143' title='bbox 531 1678 560 1731; x_wconf 81' lang='lat' dir='ltr'><strong>ci</strong></span> <span class='ocrx_word' id='word_1_144' title='bbox 581 1666 683 1751; x_wconf 64' lang='lat' dir='ltr'><strong>poi&#39;ugs</strong></span> <span class='ocrx_word' id='word_1_145' title='bbox 704 1671 821 1730; x_wconf 85' lang='lat' dir='ltr'><strong>souille&#39;s</strong></span> <span class='ocrx_word' id='word_1_146' title='bbox 841 1671 882 1730; x_wconf 90' lang='lat' dir='ltr'><strong>du</strong></span> <span class='ocrx_word' id='word_1_147' title='bbox 903 1689 977 1751; x_wconf 81' lang='lat' dir='ltr'><strong>sang</strong></span> <span class='ocrx_word' id='word_1_148' title='bbox 997 1673 1046 1733; x_wconf 85' lang='lat' dir='ltr'><strong>des</strong></span> 
     </span>
     <span class='ocr_line' id='line_1_18' title="bbox 182 1762 1045 1848; baseline 0.001 -22"><span class='ocrx_word' id='word_1_149' title='bbox 182 1769 373 1845; x_wconf 70' lang='lat' dir='ltr'><strong>ycurcreve&#39;n</strong></span> <span class='ocrx_word' id='word_1_150' title='bbox 383 1766 422 1826; x_wconf 87' lang='lat' dir='ltr'><strong>Ce</strong></span> <span class='ocrx_word' id='word_1_151' title='bbox 433 1765 532 1826; x_wconf 78' lang='lat' dir='ltr'><strong>condit</strong></span> <span class='ocrx_word' id='word_1_152' title='bbox 540 1764 712 1825; x_wconf 77' lang='lat' dir='ltr'><strong>ndanrnoius</strong></span> <span class='ocrx_word' id='word_1_153' title='bbox 723 1785 760 1825; x_wconf 89' lang='lat' dir='ltr'><strong>ne</strong></span> <span class='ocrx_word' id='word_1_154' title='bbox 772 1762 838 1825; x_wconf 79' lang='lat' dir='ltr'><strong>leur</strong></span> <span class='ocrx_word' id='word_1_155' title='bbox 845 1768 940 1847; x_wconf 78' lang='lat' dir='ltr'><strong>paruit</strong></span> <span class='ocrx_word' id='word_1_156' title='bbox 951 1768 1045 1848; x_wconf 80' lang='lat' dir='ltr'><strong>qu&#39;un</strong></span> 
     </span>
     <span class='ocr_line' id='line_1_19' title="bbox 180 1858 1046 1940; baseline 0.003 -22"><span class='ocrx_word' id='word_1_157' title='bbox 180 1858 233 1938; x_wconf 82' lang='lat' dir='ltr'><strong>jeu</strong></span> <span class='ocrx_word' id='word_1_158' title='bbox 246 1859 402 1934; x_wconf 66' lang='lat' dir='ltr'><strong>densante,</strong></span> <span class='ocrx_word' id='word_1_159' title='bbox 416 1859 590 1940; x_wconf 85' lang='lat' dir='ltr'><strong>parcequ&#39;iis</strong></span> <span class='ocrx_word' id='word_1_160' title='bbox 603 1880 640 1919; x_wconf 89' lang='lat' dir='ltr'><strong>ne</strong></span> <span class='ocrx_word' id='word_1_161' title='bbox 662 1859 776 1919; x_wconf 80' lang='lat' dir='ltr'><strong>iouient</strong></span> <span class='ocrx_word' id='word_1_162' title='bbox 789 1860 872 1939; x_wconf 83' lang='lat' dir='ltr'><strong>point</strong></span> <span class='ocrx_word' id='word_1_163' title='bbox 890 1881 995 1921; x_wconf 85' lang='lat' dir='ltr'><strong>encore</strong></span> <span class='ocrx_word' id='word_1_164' title='bbox 1011 1860 1046 1921; x_wconf 82' lang='lat' dir='ltr'><strong>dc</strong></span> 
     </span>
     <span class='ocr_line' id='line_1_20' title="bbox 184 1951 1045 2036; baseline 0.005 -25"><span class='ocrx_word' id='word_1_165' title='bbox 184 1951 320 2013; x_wconf 83' lang='lat' dir='ltr'><strong>cadarres</strong></span> <span class='ocrx_word' id='word_1_166' title='bbox 335 1974 392 2036; x_wconf 78' lang='lat' dir='ltr'><strong>aux</strong></span> <span class='ocrx_word' id='word_1_167' title='bbox 407 1953 499 2033; x_wconf 71' lang='lat' dir='ltr'><strong>piedn</strong></span> <span class='ocrx_word' id='word_1_168' title='bbox 518 1955 563 2013; x_wconf 87' lang='lat' dir='ltr'><strong>En</strong></span> <span class='ocrx_word' id='word_1_169' title='bbox 582 1954 663 2026; x_wconf 80' lang='lat' dir='ltr'><strong>effei,</strong></span> <span class='ocrx_word' id='word_1_170' title='bbox 679 1953 823 2033; x_wconf 85' lang='lat' dir='ltr'><strong>pourquoi</strong></span> <span class='ocrx_word' id='word_1_171' title='bbox 839 1961 902 2012; x_wconf 81' lang='lat' dir='ltr'><strong>tunt</strong></span> <span class='ocrx_word' id='word_1_172' title='bbox 915 1954 952 2014; x_wconf 86' lang='lat' dir='ltr'><strong>dc</strong></span> <span class='ocrx_word' id='word_1_173' title='bbox 964 1975 1045 2015; x_wconf 84' lang='lat' dir='ltr'><strong>eorn-</strong></span> 
     </span>
    </p>
   </div>
   <div class='ocr_carea' id='block_1_3' title="bbox 203 2113 908 3235">
    <p class='ocr_par' dir='ltr' id='par_1_3' title="bbox 291 2113 831 2166">
     <span class='ocr_line' id='line_1_21' title="bbox 291 2113 831 2166; baseline -0.002 -13"><span class='ocrx_word' id='word_1_174' title='bbox 291 2113 402 2166; x_wconf 84' lang='lat' dir='ltr'><strong>Septimus</strong></span> <span class='ocrx_word' id='word_1_175' title='bbox 411 2113 520 2155; x_wconf 85' lang='lat' dir='ltr'><strong>interdum</strong></span> <span class='ocrx_word' id='word_1_176' title='bbox 533 2113 564 2153; x_wconf 83' lang='lat' dir='ltr'><strong>sol</strong></span> <span class='ocrx_word' id='word_1_177' title='bbox 576 2113 664 2153; x_wconf 85' lang='lat' dir='ltr'><strong>invenit.</strong></span> <span class='ocrx_word' id='word_1_178' title='bbox 675 2113 771 2153; x_wconf 81' lang='lat' dir='ltr'>Horrida</span> <span class='ocrx_word' id='word_1_179' title='bbox 781 2124 831 2153; x_wconf 88' lang='lat' dir='ltr'><strong>sane</strong></span> 
     </span>
    </p>

    <p class='ocr_par' dir='ltr' id='par_1_4' title="bbox 237 2181 839 2235">
     <span class='ocr_line' id='line_1_22' title="bbox 237 2181 839 2235; baseline -0.002 -14"><span class='ocrx_word' id='word_1_180' title='bbox 237 2183 264 2221; x_wconf 66' lang='lat'><strong>45</strong></span> <span class='ocrx_word' id='word_1_181' title='bbox 291 2182 400 2235; x_wconf 79' lang='lat' dir='ltr'><strong>AEgyptua</strong></span> <span class='ocrx_word' id='word_1_182' title='bbox 410 2196 415 2221; x_wconf 77' lang='lat' dir='ltr'>z</span> <span class='ocrx_word' id='word_1_183' title='bbox 425 2182 463 2222; x_wconf 84' lang='lat' dir='ltr'><strong>sed</strong></span> <span class='ocrx_word' id='word_1_184' title='bbox 472 2183 568 2230; x_wconf 85' lang='lat' dir='ltr'><strong>luxuria,</strong></span> <span class='ocrx_word' id='word_1_185' title='bbox 578 2181 685 2234; x_wconf 79' lang='lat' dir='ltr'><strong>quantum</strong></span> <span class='ocrx_word' id='word_1_186' title='bbox 696 2183 742 2234; x_wconf 89' lang='lat' dir='ltr'><strong>ipse</strong></span> <span class='ocrx_word' id='word_1_187' title='bbox 752 2183 839 2232; x_wconf 77' lang='lat' dir='ltr'><strong>notavi,-</strong></span> 
     </span>
    </p>

    <p class='ocr_par' dir='ltr' id='par_1_5' title="bbox 203 2248 865 2500">
     <span class='ocr_line' id='line_1_23' title="bbox 264 2248 785 2300; baseline -0.006 -11"><span class='ocrx_word' id='word_1_188' title='bbox 264 2287 269 2294; x_wconf 79' lang='grc'><strong>,</strong></span> <span class='ocrx_word' id='word_1_189' title='bbox 294 2250 390 2290; x_wconf 78' lang='lat' dir='ltr'>Barbara</span> <span class='ocrx_word' id='word_1_190' title='bbox 401 2248 483 2289; x_wconf 78' lang='lat' dir='ltr'><strong>famose</strong></span> <span class='ocrx_word' id='word_1_191' title='bbox 493 2260 537 2289; x_wconf 90' lang='lat' dir='ltr'><strong>non</strong></span> <span class='ocrx_word' id='word_1_192' title='bbox 546 2249 606 2289; x_wconf 82' lang='lat' dir='ltr'><strong>cedit</strong></span> <span class='ocrx_word' id='word_1_193' title='bbox 616 2249 680 2289; x_wconf 84' lang='lat' dir='ltr'><strong>turba</strong></span> <span class='ocrx_word' id='word_1_194' title='bbox 688 2248 785 2300; x_wconf 84' lang='lat' dir='ltr'>Canopo.</span> 
     </span>
     <span class='ocr_line' id='line_1_24' title="bbox 292 2314 819 2367; baseline 0 -12"><span class='ocrx_word' id='word_1_195' title='bbox 292 2316 357 2356; x_wconf 78' lang='lat' dir='ltr'><strong>Adde</strong></span> <span class='ocrx_word' id='word_1_196' title='bbox 367 2316 427 2367; x_wconf 88' lang='lat' dir='ltr'><strong>quod</strong></span> <span class='ocrx_word' id='word_1_197' title='bbox 437 2321 460 2356; x_wconf 88' lang='lat' dir='ltr'><strong>ct</strong></span> <span class='ocrx_word' id='word_1_198' title='bbox 471 2316 543 2355; x_wconf 66' lang='lat' dir='ltr'><strong>facilis</strong></span> <span class='ocrx_word' id='word_1_199' title='bbox 552 2317 644 2357; x_wconf 76' lang='lat' dir='ltr'><strong>victoria</strong></span> <span class='ocrx_word' id='word_1_200' title='bbox 655 2315 682 2355; x_wconf 90' lang='lat' dir='ltr'><strong>de</strong></span> <span class='ocrx_word' id='word_1_201' title='bbox 692 2314 787 2355; x_wconf 84' lang='lat' dir='ltr'>madidis</span> <span class='ocrx_word' id='word_1_202' title='bbox 796 2319 819 2355; x_wconf 90' lang='lat' dir='ltr'><strong>et</strong></span> 
     </span>
     <span class='ocr_line' id='line_1_25' title="bbox 293 2380 865 2433; baseline -0.007 -10"><span class='ocrx_word' id='word_1_203' title='bbox 293 2384 376 2430; x_wconf 80' lang='lat' dir='ltr'><strong>Blaesis,</strong></span> <span class='ocrx_word' id='word_1_204' title='bbox 389 2386 455 2433; x_wconf 87' lang='lat' dir='ltr'><strong>atque</strong></span> <span class='ocrx_word' id='word_1_205' title='bbox 471 2394 530 2423; x_wconf 88' lang='lat' dir='ltr'><strong>mero</strong></span> <span class='ocrx_word' id='word_1_206' title='bbox 540 2382 696 2423; x_wconf 80' lang='lat' dir='ltr'><strong>titubantibus.</strong></span> <span class='ocrx_word' id='word_1_207' title='bbox 707 2380 761 2421; x_wconf 89' lang='lat' dir='ltr'><strong>Inde</strong></span> <span class='ocrx_word' id='word_1_208' title='bbox 770 2381 865 2420; x_wconf 82' lang='lat' dir='ltr'><strong>virorum</strong></span> 
     </span>
     <span class='ocr_line' id='line_1_26' title="bbox 203 2448 747 2500; baseline -0.002 -12"><span class='ocrx_word' id='word_1_209' title='bbox 203 2451 207 2456; x_wconf 85' lang='grc'><em>’</em></span> <span class='ocrx_word' id='word_1_210' title='bbox 291 2448 389 2489; x_wconf 88' lang='lat' dir='ltr'><strong>Saltatus</strong></span> <span class='ocrx_word' id='word_1_211' title='bbox 399 2450 460 2499; x_wconf 71' lang='lat' dir='ltr'><strong>nigro</strong></span> <span class='ocrx_word' id='word_1_212' title='bbox 470 2449 567 2497; x_wconf 86' lang='lat' dir='ltr'><strong>tibicine,</strong></span> <span class='ocrx_word' id='word_1_213' title='bbox 577 2449 747 2500; x_wconf 83' lang='lat' dir='ltr'><strong>qualiacumque</strong></span> 
     </span>
    </p>

    <p class='ocr_par' dir='ltr' id='par_1_6' title="bbox 239 2515 893 2822">
     <span class='ocr_line' id='line_1_27' title="bbox 239 2515 877 2567; baseline -0.006 -10"><span class='ocrx_word' id='word_1_214' title='bbox 239 2518 265 2557; x_wconf 81' lang='lat'><strong>50</strong></span> <span class='ocrx_word' id='word_1_215' title='bbox 292 2516 408 2566; x_wconf 76' lang='lat' dir='ltr'><strong>Unguenta</strong></span> <span class='ocrx_word' id='word_1_216' title='bbox 418 2520 441 2557; x_wconf 91' lang='lat' dir='ltr'><strong>et</strong></span> <span class='ocrx_word' id='word_1_217' title='bbox 452 2516 523 2566; x_wconf 82' lang='lat' dir='ltr'><strong>flores,</strong></span> <span class='ocrx_word' id='word_1_218' title='bbox 535 2516 655 2567; x_wconf 71' lang='lat' dir='ltr'><strong>multaeque</strong></span> <span class='ocrx_word' id='word_1_219' title='bbox 664 2517 686 2555; x_wconf 89' lang='lat' dir='ltr'><strong>in</strong></span> <span class='ocrx_word' id='word_1_220' title='bbox 698 2515 768 2555; x_wconf 78' lang='lat' dir='ltr'><strong>fronte</strong></span> <span class='ocrx_word' id='word_1_221' title='bbox 778 2525 877 2563; x_wconf 82' lang='lat' dir='ltr'><strong>coronae;</strong></span> 
     </span>
     <span class='ocr_line' id='line_1_28' title="bbox 293 2581 850 2635; baseline -0.005 -13"><span class='ocrx_word' id='word_1_222' title='bbox 293 2583 350 2622; x_wconf 86' lang='lat' dir='ltr'><strong>Hinc</strong></span> <span class='ocrx_word' id='word_1_223' title='bbox 357 2583 458 2635; x_wconf 87' lang='lat' dir='ltr'><strong>jejunum</strong></span> <span class='ocrx_word' id='word_1_224' title='bbox 466 2582 549 2622; x_wconf 87' lang='lat' dir='ltr'><strong>odium.</strong></span> <span class='ocrx_word' id='word_1_225' title='bbox 560 2581 685 2634; x_wconf 85' lang='lat' dir='ltr'><strong>Sedjurgia</strong></span> <span class='ocrx_word' id='word_1_226' title='bbox 695 2583 764 2635; x_wconf 83' lang='lat' dir='ltr'><strong>prima</strong></span> <span class='ocrx_word' id='word_1_227' title='bbox 776 2591 850 2620; x_wconf 74' lang='lat' dir='ltr'><strong>conare</strong></span> 
     </span>
     <span class='ocr_line' id='line_1_29' title="bbox 293 2647 839 2701; baseline -0.004 -14"><span class='ocrx_word' id='word_1_228' title='bbox 293 2649 403 2701; x_wconf 78' lang='lat' dir='ltr'><strong>Incipiunt</strong></span> <span class='ocrx_word' id='word_1_229' title='bbox 413 2650 491 2688; x_wconf 89' lang='lat' dir='ltr'><strong>animis</strong></span> <span class='ocrx_word' id='word_1_230' title='bbox 501 2648 628 2688; x_wconf 84' lang='lat' dir='ltr'><strong>ardentibus</strong></span> <span class='ocrx_word' id='word_1_231' title='bbox 634 2660 640 2699; x_wconf 86' lang='lat'>;</span> <span class='ocrx_word' id='word_1_232' title='bbox 650 2648 696 2688; x_wconf 81' lang='lat' dir='ltr'><strong>haec</strong></span> <span class='ocrx_word' id='word_1_233' title='bbox 707 2648 761 2688; x_wconf 86' lang='lat' dir='ltr'><strong>tuba</strong></span> <span class='ocrx_word' id='word_1_234' title='bbox 771 2647 823 2686; x_wconf 85' lang='lat' dir='ltr'><strong>rixae</strong></span> <span class='ocrx_word' id='word_1_235' title='bbox 833 2659 839 2685; x_wconf 91' lang='lat'>:</span> 
     </span>
     <span class='ocr_line' id='line_1_30' title="bbox 293 2713 806 2768; baseline 0 -14"><span class='ocrx_word' id='word_1_236' title='bbox 293 2714 348 2755; x_wconf 90' lang='lat' dir='ltr'><strong>Dein</strong></span> <span class='ocrx_word' id='word_1_237' title='bbox 359 2715 454 2755; x_wconf 86' lang='lat' dir='ltr'><strong>clamore</strong></span> <span class='ocrx_word' id='word_1_238' title='bbox 464 2716 511 2768; x_wconf 85' lang='lat' dir='ltr'><strong>pari</strong></span> <span class='ocrx_word' id='word_1_239' title='bbox 522 2716 666 2763; x_wconf 79' lang='lat' dir='ltr'><strong>concurritur,</strong></span> <span class='ocrx_word' id='word_1_240' title='bbox 677 2718 700 2755; x_wconf 87' lang='lat' dir='ltr'><strong>et</strong></span> <span class='ocrx_word' id='word_1_241' title='bbox 709 2715 757 2754; x_wconf 88' lang='lat' dir='ltr'><strong>vice</strong></span> <span class='ocrx_word' id='word_1_242' title='bbox 768 2713 806 2754; x_wconf 86' lang='lat' dir='ltr'><strong>teli</strong></span> 
     </span>
     <span class='ocr_line' id='line_1_31' title="bbox 294 2773 893 2822; baseline -0.007 0"><span class='ocrx_word' id='word_1_243' title='bbox 294 2773 360 2822; x_wconf 73' lang='lat' dir='ltr'><strong>Saevit</strong></span> <span class='ocrx_word' id='word_1_244' title='bbox 372 2782 431 2822; x_wconf 87' lang='lat' dir='ltr'><strong>nuda</strong></span> <span class='ocrx_word' id='word_1_245' title='bbox 441 2794 525 2822; x_wconf 81' lang='lat' dir='ltr'><strong>manus.</strong></span> <span class='ocrx_word' id='word_1_246' title='bbox 537 2782 617 2822; x_wconf 80' lang='lat' dir='ltr'><strong>Paucae</strong></span> <span class='ocrx_word' id='word_1_247' title='bbox 628 2782 675 2821; x_wconf 86' lang='lat' dir='ltr'><strong>sine</strong></span> <span class='ocrx_word' id='word_1_248' title='bbox 685 2781 774 2821; x_wconf 84' lang='lat' dir='ltr'><strong>vulnere</strong></span> <span class='ocrx_word' id='word_1_249' title='bbox 783 2779 860 2820; x_wconf 76' lang='lat' dir='ltr'>male:</span> <span class='ocrx_word' id='word_1_250' title='bbox 888 2773 893 2781; x_wconf 87' lang='lat'>&#39;</span> 
     </span>
    </p>

    <p class='ocr_par' dir='ltr' id='par_1_7' title="bbox 240 2847 908 3169">
     <span class='ocr_line' id='line_1_32' title="bbox 240 2847 847 2900; baseline -0.002 -13"><span class='ocrx_word' id='word_1_251' title='bbox 240 2847 266 2887; x_wconf 72' lang='lat'><strong>55</strong></span> <span class='ocrx_word' id='word_1_252' title='bbox 296 2847 338 2887; x_wconf 87' lang='lat' dir='ltr'><strong>Vix</strong></span> <span class='ocrx_word' id='word_1_253' title='bbox 349 2850 460 2900; x_wconf 87' lang='lat' dir='ltr'><strong>cuiquam,</strong></span> <span class='ocrx_word' id='word_1_254' title='bbox 473 2853 512 2889; x_wconf 84' lang='lat' dir='ltr'><strong>aut</strong></span> <span class='ocrx_word' id='word_1_255' title='bbox 523 2848 585 2896; x_wconf 86' lang='lat' dir='ltr'><strong>nulli,</strong></span> <span class='ocrx_word' id='word_1_256' title='bbox 597 2853 644 2890; x_wconf 85' lang='lat' dir='ltr'><strong>toto</strong></span> <span class='ocrx_word' id='word_1_257' title='bbox 654 2849 773 2889; x_wconf 87' lang='lat' dir='ltr'><strong>certamine</strong></span> <span class='ocrx_word' id='word_1_258' title='bbox 782 2858 847 2887; x_wconf 78' lang='lat' dir='ltr'><strong>naeus</strong></span> 
     </span>
     <span class='ocr_line' id='line_1_33' title="bbox 293 2913 908 2968; baseline -0.002 -15"><span class='ocrx_word' id='word_1_259' title='bbox 293 2914 388 2965; x_wconf 80' lang='lat' dir='ltr'><strong>Integer.</strong></span> <span class='ocrx_word' id='word_1_260' title='bbox 399 2916 530 2968; x_wconf 82' lang='lat' dir='ltr'><strong>Adspiceres</strong></span> <span class='ocrx_word' id='word_1_261' title='bbox 538 2918 586 2967; x_wconf 88' lang='lat' dir='ltr'><strong>jam</strong></span> <span class='ocrx_word' id='word_1_262' title='bbox 598 2921 677 2956; x_wconf 88' lang='lat' dir='ltr'><strong>cuncta</strong></span> <span class='ocrx_word' id='word_1_263' title='bbox 687 2927 726 2968; x_wconf 88' lang='lat' dir='ltr'><strong>per</strong></span> <span class='ocrx_word' id='word_1_264' title='bbox 737 2916 824 2965; x_wconf 76' lang='lat' dir='ltr'><strong>agmine</strong></span> <span class='ocrx_word' id='word_1_265' title='bbox 833 2913 908 2963; x_wconf 82' lang='lat' dir='ltr'><strong>vuitus</strong></span> 
     </span>
     <span class='ocr_line' id='line_1_34' title="bbox 293 2981 761 3042; baseline 0.002 -22"><span class='ocrx_word' id='word_1_266' title='bbox 293 2981 408 3030; x_wconf 77' lang='lat' dir='ltr'><strong>Dimidios,</strong></span> <span class='ocrx_word' id='word_1_267' title='bbox 419 2983 472 3023; x_wconf 83' lang='lat' dir='ltr'><strong>alias</strong></span> <span class='ocrx_word' id='word_1_268' title='bbox 482 2983 555 3042; x_wconf 79' lang='lat' dir='ltr'><strong>facies,</strong></span> <span class='ocrx_word' id='word_1_269' title='bbox 564 2987 587 3023; x_wconf 84' lang='lat' dir='ltr'><strong>et</strong></span> <span class='ocrx_word' id='word_1_270' title='bbox 598 2983 682 3023; x_wconf 82' lang='lat' dir='ltr'><strong>hiantia</strong></span> <span class='ocrx_word' id='word_1_271' title='bbox 692 2984 761 3035; x_wconf 85' lang='lat' dir='ltr'><strong>ruptis</strong></span> 
     </span>
     <span class='ocr_line' id='line_1_35' title="bbox 294 3047 851 3102; baseline 0.004 -14"><span class='ocrx_word' id='word_1_272' title='bbox 294 3047 348 3088; x_wconf 77' lang='lat' dir='ltr'>Ossa</span> <span class='ocrx_word' id='word_1_273' title='bbox 359 3051 428 3100; x_wconf 80' lang='lat' dir='ltr'><strong>genis,</strong></span> <span class='ocrx_word' id='word_1_274' title='bbox 439 3052 514 3102; x_wconf 84' lang='lat' dir='ltr'><strong>plenos</strong></span> <span class='ocrx_word' id='word_1_275' title='bbox 523 3050 637 3091; x_wconf 87' lang='lat' dir='ltr'><strong>oculorum</strong></span> <span class='ocrx_word' id='word_1_276' title='bbox 646 3050 750 3100; x_wconf 71' lang='lat' dir='ltr'><strong>sanguine</strong></span> <span class='ocrx_word' id='word_1_277' title='bbox 760 3059 851 3101; x_wconf 72' lang='lat' dir='ltr'><strong>pugnes¹</strong></span> 
     </span>
     <span class='ocr_line' id='line_1_36' title="bbox 296 3113 806 3169; baseline 0.004 -16"><span class='ocrx_word' id='word_1_278' title='bbox 296 3113 381 3155; x_wconf 88' lang='lat' dir='ltr'><strong>Ludere</strong></span> <span class='ocrx_word' id='word_1_279' title='bbox 392 3127 415 3155; x_wconf 78' lang='lat' dir='ltr'><strong>se</strong></span> <span class='ocrx_word' id='word_1_280' title='bbox 425 3116 517 3157; x_wconf 86' lang='lat' dir='ltr'><strong>credunt</strong></span> <span class='ocrx_word' id='word_1_281' title='bbox 531 3118 572 3169; x_wconf 87' lang='lat' dir='ltr'><strong>ipsi</strong></span> <span class='ocrx_word' id='word_1_282' title='bbox 584 3120 666 3169; x_wconf 78' lang='lat' dir='ltr'><strong>tamen,</strong></span> <span class='ocrx_word' id='word_1_283' title='bbox 678 3119 701 3156; x_wconf 87' lang='lat' dir='ltr'><strong>et</strong></span> <span class='ocrx_word' id='word_1_284' title='bbox 712 3115 806 3169; x_wconf 86' lang='lat' dir='ltr'><strong>pueriles</strong></span> 
     </span>
    </p>

    <p class='ocr_par' dir='ltr' id='par_1_8' title="bbox 241 3181 837 3235">
     <span class='ocr_line' id='line_1_37' title="bbox 241 3181 837 3235; baseline 0.008 -15"><span class='ocrx_word' id='word_1_285' title='bbox 241 3181 270 3220; x_wconf 75' lang='lat'><strong>60</strong></span> <span class='ocrx_word' id='word_1_286' title='bbox 298 3181 405 3223; x_wconf 85' lang='lat' dir='ltr'><strong>Exercere</strong></span> <span class='ocrx_word' id='word_1_287' title='bbox 414 3185 478 3233; x_wconf 77' lang='lat' dir='ltr'><strong>acies,</strong></span> <span class='ocrx_word' id='word_1_288' title='bbox 490 3185 548 3235; x_wconf 89' lang='lat' dir='ltr'><strong>quod</strong></span> <span class='ocrx_word' id='word_1_289' title='bbox 558 3185 618 3226; x_wconf 85' lang='lat' dir='ltr'><strong>nulia</strong></span> <span class='ocrx_word' id='word_1_290' title='bbox 628 3184 734 3226; x_wconf 83' lang='lat' dir='ltr'><strong>cadaveia</strong></span> <span class='ocrx_word' id='word_1_291' title='bbox 744 3183 837 3225; x_wconf 84' lang='lat' dir='ltr'><strong>calcent.</strong></span> 
     </span>
    </p>
   </div>
   <div class='ocr_carea' id='block_1_4' title="bbox 0 0 1155 3650">
    <p class='ocr_par' dir='ltr' id='par_1_9' title="bbox 0 0 1155 3650">
     <span class='ocr_line' id='line_1_38' title="bbox 0 0 1155 3650; baseline 0 0"><span class='ocrx_word' id='word_1_292' title='bbox 0 0 1155 3650; x_wconf 95' lang='lat' dir='ltr'><strong> </strong></span> 
     </span>
    </p>
   </div>
  </div>
 </body>
</html>
