2284 3650
421 146 537 195 smne
553 146 619 229 ΧΠ.
901 156 949 202 5⁴9

26 282 27 315 p
93 253 187 318 venis,
204 251 234 306 et
252 244 314 304 cela
330 264 406 324 ,pour
422 250 575 323 rapporter
587 244 727 324 quelques
746 264 805 304 sues
820 243 859 305 de
874 267 950 309 mar·

26 378 28 413 p
92 339 244 399 chandises
265 338 402 415 inseeteS„
421 358 458 398 ou
479 339 620 418 quelques
638 338 790 399 bouteiltes
808 340 881 400 d'un
897 342 946 402 vin

92 433 163 495 dont
176 433 305 515 l'e'paisse
321 432 509 513 iiquenr(58)
524 433 570 491 tut
584 433 731 514 exprimee
745 454 796 494 sur
806 435 948 516 l'antique

26 570 27 573 η
94 526 191 607 rivage
206 527 256 608 qui
266 527 308 587 vit
322 530 416 586 mitre
429 526 564 605 Jupiter?
579 528 619 587 Ce
633 528 827 603 malheureux
840 550 948 611 cepen-

91 621 172 703 dunt,
185 620 237 701 qui
247 621 318 681 d'un
337 641 386 702 pus
400 619 540 680 incertnin
552 628 689 701 parcourt
709 643 767 682 une
781 622 866 683 corde
882 631 948 684 ten·

91 715 161 784 due,
185 736 223 775 ne
243 715 368 776 cherche
385 716 453 796 qu'i
465 735 495 775 se
515 715 643 794 gerantir
657 715 697 774 du
722 715 796 776 froid
819 725 849 776 et
869 717 905 777 de
920 720 949 778 le

26 866 27 889 2
92 807 163 867 inim
176 829 183 868 ε
200 808 226 867 ie
236 808 313 868 desir
326 808 398 868 d'un
407 808 549 869 immense
561 810 692 890 superflu
705 809 782 870 rend'
791 809 896 870 l'autre
907 815 949 873 te'·

93 900 423 981 me1·aire.V0yez·vons
436 922 467 962 ce
485 909 550 982 port
560 911 589 963 et
598 908 673 962 cette
687 923 750 962 mer
761 912 897 965 converte
912 904 948 965 de

94 995 327 1076 vaisseeuxtde'ja
334 998 362 1056 ln
371 1004 446 1056 terre
457 995 577 1056 umoius
588 996 764 1057 d'habitants
772 1018 829 1078 que
837 999 878 1058 les
888 997 948 1057 hu·

95 1089 188 1150 mides
197 1090 318 1170 plaines.
329 1091 448 1171 Cheque
460 1092 540 1151 [tutte
554 1090 728 1170 cinglemdu
742 1095 804 1152 cdte'
816 1094 855 1152 uir
863 1090 948 1153 britte
989 1084 998 1103 ⁸

94 1183 211 1263 l'espoir
226 1183 265 1244 du
283 1185 361 1264 gain.
378 1187 442 1244 Neu
459 1192 607 1245 coutentes
625 1183 661 1244 de
676 1185 853 1246 trunchinies
871 1206 948 1247 mers

94 1278 130 1340 de
146 1281 300 1362 Carpathie
313 1291 341 1342 et
353 1282 517 1362 d‘Atrique‚
533 1282 650 1343 luissent
663 1283 723 1342 lein
737 1283 864 1344 derriere
880 1284 948 1344 elles

93 1378 134 1438 ies
150 1379 285 1439 celonnes
308 1379 475 1450 d'Hereule,
496 1380 566 1445 elles¹
586 1383 772 1458 penetrenont
789 1381 946 1458 jusqu'aux

95 1470 175 1530 lieux
189 1474 229 1530 eir
247 1473 274 1530 le
288 1472 368 1531 soleii
383 1470 475 1531 eteint
492 1491 544 1530 sun
558 1471 701 1530 ssumheeu
716 1472 842 1531 densius
860 1470 948 1531 eudes

93 1564 301 1624 fremissentes.
312 1564 459 1644 Penrquoi
472 1572 534 1623 tant
544 1563 580 1624 de
593 1565 709 1645 peines‘?
722 1585 796 1644 pour
805 1584 834 1624 se
847 1572 948 1625 venter

92 1658 205 1718 d'avoir
218 1680 257 1718 ru
272 1679 323 1718 sur
334 1660 375 1719 les
386 1661 495 1719 eonfins
505 1658 541 1718 de
555 1656 672 1718 i'Oceein
684 1657 733 1718 des
746 1657 848 1718 tritens
860 1666 889 1718 et
899 1657 949 1718 des

93 1760 236 1813 monstres
252 1752 360 1812 marius
370 1754 445 1832 (59),
459 1773 533 1834 pour
542 1772 579 1812 en
591 1745 706 1811 revenir
719 1753 872 1834 fierement
882 1771 951 1813 aree

94 1868 137 1907 un
151 1869 196 1909 sae
211 1848 289 1929 pieiu
301 1848 374 1909 d'or.

200 2081 271 2138 Quam
283 2094 307 2131 tu
316 2090 409 2142 Corycia
420 2101 503 2142 semper
513 2089 551 2140 qui
562 2100 634 2141 puppe
645 2089 741 2136 meraris,

201 2158 276 2209 Atque
284 2157 379 2205 habitas,
391 2157 447 2197 Coro
456 2168 540 2210 semper
548 2156 658 2197 tollendus
666 2160 689 2197 et
699 2158 788 2204 Austro,

201 2225 310 2273 Perdices,
320 2237 345 2265 ac
356 2225 405 2264 ritis
415 2226 472 2264 sacci
484 2228 591 2264 mercator
599 2224 677 2265 olentis
683 2237 689 2273 ;

133 2295 174 2334 270
200 2293 244 2341 Qui
255 2292 337 2344 gaudes
345 2293 424 2345 pingue
433 2294 526 2343 antiquae
537 2291 564 2331 de
574 2292 637 2333 litore
646 2291 717 2333 ciete

202 2364 294 2403 Passum
305 2367 327 2403 et
337 2362 455 2414 municipes
467 2361 527 2401 toris
536 2359 649 2401 advexisse
658 2361 758 2412 lagenas?
774 2393 777 2398 .

203 2430 246 2469 Hic
256 2434 328 2470 tamen
343 2430 430 2481 ancipiti
440 2428 506 2479 figens
515 2428 607 2477 vestigia
618 2429 692 2480 planta

201 2498 290 2538 Victum
299 2497 337 2537 itta
346 2495 445 2536 mercede
456 2499 526 2548 parat,
537 2495 680 2546 brumamque
691 2493 814 2544 famemque
875 2493 879 2503 '

203 2564 244 2604 ltla
252 2567 308 2603 reste
321 2565 392 2612 earet,
403 2566 427 2603 tu
437 2567 524 2615 propter
534 2561 594 2601 mille
605 2561 695 2609 talenta,

134 2634 175 2674 275
203 2633 232 2672 Et
243 2636 328 2672 centum
339 2631 401 2671 villas
409 2632 545 2671 temerarius.
557 2628 637 2680 Aspice
649 2632 732 2683 portus,

202 2700 232 2739 Et
242 2699 328 2752 plenum
337 2691 421 2749 magnis
432 2697 531 2738 trabibus
541 2706 601 2735 mare
611 2707 617 2734 τ
628 2694 678 2747 plns
686 2693 799 2733 hominum
807 2692 884 2744 etjam

202 2766 228 2806 ln
237 2765 321 2818 pelage.
331 2765 410 2805 Veniet
421 2765 497 2804 classis
506 2772 644 2814 quocumque
654 2761 737 2800 vocarit

203 2833 256 2886 Spes
266 2832 328 2881 lueri,
339 2844 378 2873 nee
389 2831 532 2885 Carpathium
542 2828 673 2878 Gaetulaque
684 2830 768 2867 tautum

202 2901 299 2952 AEqtmra
309 2898 428 2940 transiliet:
441 2896 479 2952 scd
491 2897 554 2946 longe
564 2894 631 2946 Calpe
641 2893 725 2944 relicta,

134 2970 176 3010 280
203 2967 286 3008 Audiet
295 2967 404 3008 Herculeo
413 2965 540 3006 stridentem
550 2962 636 3013 gurgite
646 2960 721 3000 solem.

203 3035 292 3076 Grande
300 3046 369 3088 operae
379 3035 473 3087 pretium
481 3036 522 3080 est,
534 3033 559 3070 ut
568 3033 630 3069 tenso
641 3027 691 3068 totle
700 3029 778 3069 reverti

204 3102 258 3143 lude
268 3102 356 3149 domum
366 3102 442 3154 possis,
453 3098 581 3148 tumidaque
591 3096 696 3149 superbus
707 3095 774 3145 aluta,

203 3168 284 3210 Oceani
293 3173 388 3210 monstra
396 3171 419 3208 et
426 3167 517 3219 juvenes
526 3163 606 3204 vidisse
618 3163 717 3205 marinos.
