2284 3650
414 156 530 204 sitien
547 157 615 206 xiii.
897 166 944 211 5tt9

89 251 173 333 point
190 262 240 313 ton
258 243 413 332 de'pdt‚'s'il
432 260 459 310 te
473 252 545 311 rend
560 261 609 311 ton
622 252 707 311 rieux
721 272 767 312 seo
780 262 809 312 et
821 262 863 315 tes
876 260 943 316 ecus

89 346 218 419 mutiles,
235 367 265 405 su
275 345 387 426 probite'
398 344 471 405 tient
482 345 521 404 du
538 345 675 425 prodige3
689 346 708 404 il
723 348 786 405 saut
800 348 944 409 consulter·

89 439 131 500 les
146 440 230 499 lirros
240 440 289 499 dos
301 442 421 499 l‘oscens
432 441 505 515 (15),
525 440 607 499 offrir
622 460 678 499 eux
692 440 779 499 dieux
793 440 842 500 des
856 442 943 501 secri-

89 533 157 593 tices
171 532 350 613 expietoires
371 532 557 613 Apercois-je
581 535 761 593 unhomme
785 533 896 612 integre
917 543 945 593 et

6 637 7 640 ’
89 636 244 694 rer-tuens,
255 627 284 705 je
299 625 358 685 suis
372 626 447 685 aussi
462 625 573 706 surpris
589 646 646 705 que
659 625 681 684 si
695 625 724 703 je
740 626 835 704 rupeis
849 626 874 685 la
889 629 945 685 tete

88 720 162 780 d'un
185 720 372 800 quadrupede
391 741 440 778 sur·
455 720 481 780 le
498 740 580 799 corps
594 720 665 778 d'un
684 720 784 779 entant
796 722 870 798 (ld),
887 740 953 779 une·

89 815 171 873 mule
182 814 299 874 lo'conde
318 835 356 873 ou
370 813 419 873 des
434 812 561 892 poissons
577 812 946 881 tcorrvessousluche1·rue
965 890 967 895 Ι

90 910 306 985 dtonnde(17);
325 906 399 966 aussi
418 906 532 966 trouble
554 928 612 986 que
633 907 656 966 si
670 914 742 987 ⁸tout
760 909 778 967 it
795 927 868 987 eoup
888 926 946 965 une

91 1001 170 1077 grele
184 999 219 1060 de
234 1000 342 1079 pierres
357 998 465 1058 fondeit
479 999 518 1058 du
534 1000 608 1058 haut
628 1000 677 1060 des
691 999 785 1071 cieux,
805 1008 834 1059 et
854 1000 944 1079 qu'un

92 1092 195 1152 essaim
205 1092 353 1168 d'abeilles
366 1090 514 1173 pendit'en
526 1093 618 1152 forme
629 1094 664 1153 de
676 1096 808 1173 grappeit
822 1095 849 1153 la
862 1096 947 1152 voute

91 1185 165 1243 d'un
180 1187 298 1265 temple,
325 1207 364 1245 ou
385 1187 476 1266 qu'un
498 1188 593 1247 lleure
614 1186 649 1246 do
668 1186 719 1247 leit
738 1187 891 1268 pre'cipitrit
909 1207 946 1246 eu

92 1278 153 1338 sein
164 1279 371 1360 d'nmphitrire
389 1285 510 1340 etonrrec
524 1301 567 1339 ses
579 1282 643 1341 ssots
656 1282 845 1346 miraculeux.

134 1377 175 1433 Tu
193 1384 220 1434 te
235 1375 326 1453 pluins
340 1375 375 1433 de
391 1396 421 1434 ce
433 1378 522 1453 qu'on
537 1376 577 1433 t'a
588 1374 648 1433 cavi
659 1375 707 1433 dix
719 1375 799 1433 inille
813 1382 948 1434 sesterces

78 1489 144 1545 iper·
161 1488 217 1525 une
231 1467 332 1525 fraude
345 1467 491 1543 sacrilego.
505 1469 569 1537 Que
582 1465 710 1525 diras-tu
722 1467 745 1524 si
761 1487 801 1524 un
815 1474 898 1524 autre
911 1486 946 1524 eu

93 1579 110 1615 u
125 1559 214 1638 perdo
231 1558 306 1617 deux
321 1567 385 1618 cent
400 1558 491 1629 mille,
508 1559 670 1634 egolemeut
683 1557 800 1636 deposcis
821 1577 885 1615 suns
903 1560 947 1614 te-

96 1652 208 1711 nroinst
230 1653 324 1729 qu'un
339 1651 484 1710 troisiime
505 1660 630 1728 regretto
645 1671 704 1711 une
722 1670 832 1710 somme
847 1669 949 1709 encore

96 1748 160 1826 plus
174 1745 378 1815 considerable,
398 1747 489 1824 qu'un
511 1745 588 1823 large
603 1744 760 1803 colice-fort
773 1742 918 1803 conterieit
933 1745 949 1801 i

96 1841 199 1921 peine?
212 1849 274 1901 taut
288 1842 308 1900 il
321 1844 413 1921 paruit
425 1840 528 1919 simple
543 1848 571 1898 et
587 1840 700 1899 nutrire}
717 1840 752 1898 de
767 1839 869 1898 braver
879 1838 948 1897 l'reil

94 1935 144 1994 des
160 1935 258 2008 (lieux,
277 1955 388 2016 pourru
406 1953 469 2014 que
482 1933 522 1992 les
537 1933 670 1991 hommes
684 1952 720 1992 ne
734 1932 852 1991 sochent
865 1930 927 1991 rien
941 1933 947 1988 !

152 2105 178 2144 60
205 2102 279 2154 Nune,
289 2104 305 2142 si
318 2102 442 2154 depositum
450 2112 491 2140 non
503 2100 610 2140 inficietur
620 2100 711 2151 amicus,

204 2175 227 2214 Si
238 2174 315 2214 reddat
324 2178 419 2213 veterem
430 2185 479 2212 cum
490 2176 537 2212 tota
545 2173 638 2220 aerugine
648 2171 728 2220 follem,

207 2241 332 2291 Prodigiosa
342 2239 402 2287 fides,
411 2244 433 2279 et
444 2240 510 2278 tuscis
520 2238 586 2288 digna
596 2237 684 2287 libellis,

206 2308 303 2358 Quaeque
314 2312 415 2347 coronata
426 2306 512 2345 lustrari
523 2304 602 2344 debeat
612 2316 674 2355 agna.

209 2375 321 2424 Egregium
332 2378 473 2423 sanctumque
487 2373 556 2411 virum
568 2373 585 2410 si
596 2382 666 2418 cerno,
677 2370 791 2410 bimembri

154 2442 180 2478 ¹35
207 2440 255 2479 Hoc
265 2446 383 2480 monstrum
393 2451 467 2492 puero,
480 2439 513 2478 vel
526 2439 612 2478 miranti
621 2438 661 2477 sub
673 2445 743 2477 aratro
827 2439 831 2445 '

209 2508 307 2546 Piscibus
317 2509 415 2554 inventis,
428 2511 449 2546 et
459 2505 516 2545 ioetae
528 2515 629 2557 comparo
639 2504 712 2551 mulae,
836 2491 839 2502 ¹

207 2573 317 2613 Sollicitus
325 2578 428 2624 tanquam
438 2572 521 2624 lapides
533 2571 634 2611 effuderit
648 2571 725 2620 imber,

208 2640 347 2690 Examenque
359 2641 432 2691 apium
443 2638 508 2689 longa
518 2637 640 2677 consederit
648 2648 690 2677 uva

208 2707 307 2748 Culmine
317 2707 409 2755 delubri,
421 2712 525 2755 tanquam
536 2707 557 2745 in
566 2715 626 2743 mare
636 2702 723 2743 duxerit
734 2701 802 2741 nuruis

156 2775 181 2812 70
208 2774 337 2823 Gurgitibus
346 2774 405 2812 miris
415 2777 435 2812 et
446 2773 510 2812 lactis
520 2773 601 2811 vortice
613 2776 702 2810 torrens.

236 2840 359 2890 Intercepta
369 2840 444 2879 decem
454 2838 551 2888 quereris
562 2838 662 2877 sestertia
673 2834 748 2875 fraude

209 2905 325 2956 sacrilega.
335 2906 401 2955 Quid,
413 2907 431 2944 si
441 2907 475 2944 bis
484 2909 569 2944 centum
580 2903 674 2956 perdidit
687 2901 743 2943 aiter

210 2970 259 3011 Hoc
271 2983 349 3011 arcana
360 2973 424 3011 modo
434 2985 439 3010 ε
451 2972 554 3023 majorem
562 2971 639 3011 tertius
651 2969 688 3008 illa

210 3038 321 3079 Summam
333 3050 398 3088 quam
411 3037 490 3090 patulae
502 3039 539 3076 rix
551 3039 638 3089 ceperat
650 3034 741 3085 angulus
753 3035 820 3074 arcet

158 3110 184 3145 :5
211 3105 266 3146 Trun
279 3105 341 3144 lucile
352 3107 373 3144 ct
383 3117 473 3157 pronum
484 3109 517 3146 est
529 3115 618 3156 superos
630 3107 763 3143 contemnere
776 3105 848 3148 testes,

211 3172 232 3211 S}
244 3172 340 3213 mortuiis
351 3171 407 3212 idom
419 3184 482 3212 nemo
494 3173 560 3212 sciat!
571 3171 666 3225 Adspice
678 3174 757 3220 quanta
