2284 3650
156 150 203 196 590
368 156 371 160 ’
483 146 602 195 ΕΑῙΙΒΕ
619 147 681 195 xvi.
724 146 726 151 ’

155 243 281 303 semble'e
300 263 374 323 pour
388 242 459 302 aller
475 240 600 321 prendre
620 262 661 300 un
673 244 820 301 relernent
834 242 899 321 plus
914 243 1011 322 leger3

156 357 215 396 une
227 336 374 397 autrefois
388 337 457 401 e'est
472 337 580 394 Fuscus
594 334 645 415 qui
656 344 740 394 court
751 332 892 395 satisfaire
904 356 945 395 un
958 336 1012 397 be·

154 431 217 490 sein
232 431 346 490 naturel
357 433 430 508 (ll).
448 428 617 509 Cependnnt
627 448 700 489 nnus
713 427 806 488 dtinns
818 432 894 508 prdts
907 451 913 488 ι
926 431 1016 490 n'inr-

156 531 250 603 perte,
267 532 349 584 notre
368 520 467 583 affaire
483 531 526 584 est
540 523 663 595 remise,
680 530 708 582 et
722 526 797 582 nous
815 522 958 602 perissons
978 525 1014 584 de

154 618 299 696 languens
312 638 362 676 sur
376 618 484 678 l’arene
497 605 539 677 du
556 617 692 677 barrenu.
714 617 795 676 deux
814 637 852 676 an
870 618 1014 678 contraire

154 712 206 791 qni
227 718 344 790 portent
365 713 391 771 le
411 731 514 791 easque
536 718 565 770 et
584 712 609 771 le
627 709 765 770 baudrier
779 700 944 790 n'ontqu‘d
960 710 1012 770 de·

155 805 276 866 mander
293 804 432 866 audiente
455 825 530 886 pour
548 802 709 865 l’ubtenir:
732 805 767 863 ils
791 825 827 865 ne
847 813 911 864 sunt
929 804 1013 884 point

154 899 255 959 ruines
269 919 322 979 par
334 900 362 958 la
372 900 463 959 dure'e
475 890 525 961 des
535 902 645 979 preces.

194 994 286 1052 Autre
299 1001 436 1072 avantage
451 1012 457 1052 τ
474 993 514 1052 les
532 992 637 1052 seldnts
650 999 700 1052 ont
712 993 738 1052 le
752 991 829 1051 droit
842 991 967 1051 exclusis
975 992 1010 1052 de

155 1087 298 1147 tester-dn
313 1086 411 1147 vivant
426 1086 462 1146 de
477 1087 555 1147 leurs
566 1089 649 1166 peres
660 1087 743 1164 (l2);
764 1106 812 1145 cer
828 1106 879 1145 nes
893 1084 946 1144 leis
961 1093 1011 1147 orit

153 1184 248 1239 statue
261 1201 317 1258 que
328 1181 369 1239 les
383 1180 483 1259 prolits
494 1179 530 1240 de
542 1181 570 1239 la
581 1201 686 1260 guerre
698 1200 734 1239 ne
747 1181 809 1239 font
823 1179 904 1259 point
918 1179 1012 1258 partie

153 1273 193 1330 dn
208 1282 285 1344 cens,
305 1293 356 1332 sur
369 1273 465 1353 lequel
485 1295 527 1333 un
541 1278 610 1354 pere
630 1295 647 1335 a
665 1282 748 1336 toute
768 1273 905 1334 autoritd.
925 1273 1010 1332 Anssi

153 1366 180 1425 le
195 1369 263 1446 pere
282 1367 323 1427 de.
338 1368 481 1441 Coranus,
503 1369 632 1449 qrruique
647 1369 736 1443 vienn
751 1377 780 1429 et
798 1367 1013 1438 ehaueelent,a

109 1513 114 1522 .
152 1459 216 1519 sein
231 1461 267 1520 de
285 1481 411 1522 ceresser
423 1483 474 1522 sun
489 1463 545 1535 fils,
559 1464 632 1544 qu'il
647 1464 707 1522 vnit
720 1462 832 1522 ‘semble
847 1460 882 1521 de
897 1464 1012 1520 recem·

153 1571 254 1632 penses
269 1547 679 1617 militeires.'L'avaneement
693 1565 721 1617 et
742 1557 770 1617 la
788 1557 905 1616 fortune
924 1555 962 1614 de
980 1576 1011 1613 ee

151 1645 209 1705 bon
224 1648 314 1708 suldat
332 1657 396 1708 sont
413 1653 439 1710 le
456 1649 518 1729 prix
537 1649 572 1709 de
591 1671 641 1709 sun
659 1650 806 1728 zeletis).
821 1648 975 1708 D'eilleurs
989 1647 1009 1706 il

152 1738 276 1820 iniperte
296 1762 334 1802 eu
356 1744 552 1824 generalique
575 1744 615 1803 les
640 1744 706 1825 plus
731 1743 832 1803 hrares
854 1740 947 1801 soient
969 1741 1009 1800 les

152 1836 252 1896 rnieux
270 1837 385 1910 traitds;
401 1838 487 1919 qu'ils
504 1838 597 1899 soient
613 1838 773 1917 distingues
793 1836 911 1918 perdes
928 1856 1007 1900 mer-

151 1948 222 2007 ques
237 1930 395 2008 glorierrses
409 1934 485 2010 (ll),
502 1953 554 2012 per
566 1933 615 1993 des
627 1933 774 1993 enlliers..
801 1979 807 1990 .
834 1978 841 1992 .
868 1978 874 1990 .
902 1978 907 1990 .
936 1979 942 1989 .
966 1979 972 1990 .
999 1980 1004 1992 .

257 2144 358 2194 Caeditio,
371 2151 393 2188 et
404 2148 529 2200 Fusmjam
540 2150 678 2190 micturiente
687 2151 757 2201 parati

258 2211 404 2262 Digredimur,
415 2213 516 2266 lentaque
531 2215 572 2255 lori
582 2221 707 2268 pugnamus·
714 2227 786 2256 arena.

257 2280 299 2320 Ast
308 2280 352 2320 illis
362 2292 417 2331 quos
425 2281 486 2321 arma
495 2287 573 2333 tegunt
584 2287 606 2323 et
616 2283 703 2324 balteus
714 2283 790 2332 ambit,

256 2345 321 2393 Quod
331 2347 437 2399 placitum
448 2353 482 2389 est
492 2351 552 2401 ipsis,
566 2354 682 2404 prestatur
693 2355 779 2403 tempus
791 2350 876 2408 egendi,

203 2414 230 2452 ⁶30
258 2413 305 2453 Nee
314 2425 348 2453 res
359 2415 462 2454 atteritur
470 2415 533 2466 longo
542 2416 664 2456 sufflamine
675 2417 727 2457 litis.

282 2479 339 2521 Solis
349 2487 455 2533 praeterea
465 2483 561 2523 testandi
571 2484 678 2525 militibus
685 2485 723 2537 jus

255 2547 312 2588 Vivo
321 2552 384 2601 patre
392 2548 472 2589 datur:
483 2560 533 2589 narn
544 2561 593 2601 quae
603 2555 653 2591 sunt
664 2555 728 2604 parta
736 2552 809 2593 labore

256 2614 352 2663 Militiae,
362 2615 445 2668 placuit
454 2627 496 2655 nen
507 2627 554 2656 esse
563 2617 586 2657 iu
595 2629 685 2671 corpere
695 2630 779 2667 census,
867 2646 869 2649 -

175 2675 178 2682 ’
255 2681 323 2722 Omne
335 2686 394 2724 tenet
403 2687 466 2735 cujus
476 2685 572 2734 regimen
581 2683 652 2737 pareri
663 2688 720 2738 Ergo
729 2686 837 2728 Coranum

202 2750 228 2788 55
256 2748 371 2801 signorum
380 2752 489 2800 comitem,
500 2741 665 2805 castrorumque
675 2765 718 2794 aera
728 2759 856 2805 merentem,

255 2813 361 2861 Quamvis
366 2816 414 2869 jam
423 2818 536 2866 tremulus,
548 2822 624 2871 captat
632 2824 701 2871 pater,
711 2820 769 2861 hune
779 2820 839 2861 leber
848 2832 924 2873 aequus

255 2882 367 2931 Provehit,
380 2887 402 2924 et
410 2885 501 2937 pulchre
511 2885 584 2926 reddit
593 2898 633 2927 sua
642 2887 700 2928 dona
711 2888 788 2929 labori.

255 2949 327 3000 Ipsius
335 2953 393 2990 certe
402 2950 465 2992 ducis
473 2952 514 2994 hee
525 2952 605 2994 relerre
614 2954 708 3006 videtur,

255 3014 287 3055 Ut
296 3016 346 3065 quis
357 3015 419 3058 lertis
428 3020 480 3070 erit‚·
489 3019 518 3059 sit
528 3018 667 3061 felicissimus
678 3022 750 3073 idem;

200 3084 227 3123 60
254 3082 286 3124 Ut
295 3084 339 3123 laeti
347 3085 443 3138 phaleris
452 3097 535 3150 emnes,
542 3093 565 3131 et
573 3092 687 3143 torquibus
698 3103 779 3133 omnes.
