<?xml version="1.0" encoding="UTF-8"?>
<!DOCTYPE html PUBLIC "-//W3C//DTD XHTML 1.0 Transitional//EN"
    "http://www.w3.org/TR/xhtml1/DTD/xhtml1-transitional.dtd">
<html xmlns="http://www.w3.org/1999/xhtml" xml:lang="en" lang="en">
 <head>
  <title>
</title>
<meta http-equiv="Content-Type" content="text/html;charset=utf-8" />
  <meta name='ocr-system' content='tesseract 3.04.00' />
  <meta name='ocr-capabilities' content='ocr_page ocr_carea ocr_par ocr_line ocrx_word'/>
</head>
<body>
  <div class='ocr_page' id='page_1' title='image "./persesatires00juvegoog_0213.png"; bbox 0 0 2284 3650; ppageno 0'>
   <div class='ocr_carea' id='block_1_1' title="bbox 441 151 976 225">
    <p class='ocr_par' dir='ltr' id='par_1_1' title="bbox 441 151 976 225">
     <span class='ocr_line' id='line_1_1' title="bbox 441 151 976 225; baseline -0.002 0"><span class='ocrx_word' id='word_1_1' title='bbox 441 174 557 225; x_wconf 71' lang='lat' dir='ltr'>strias</span> <span class='ocrx_word' id='word_1_2' title='bbox 573 174 619 222; x_wconf 89' lang='lat' dir='ltr'>ru.</span> <span class='ocrx_word' id='word_1_3' title='bbox 907 177 953 224; x_wconf 79' lang='lat' dir='ltr'>nor</span> <span class='ocrx_word' id='word_1_4' title='bbox 973 151 976 157; x_wconf 52' lang='lat'><strong>⁴</strong></span> 
     </span>
    </p>
   </div>
   <div class='ocr_carea' id='block_1_2' title="bbox 84 270 956 1943">
    <p class='ocr_par' dir='ltr' id='par_1_2' title="bbox 84 270 956 1006">
     <span class='ocr_line' id='line_1_2' title="bbox 102 270 954 355; baseline -0.005 -20"><span class='ocrx_word' id='word_1_5' title='bbox 102 276 204 355; x_wconf 71' lang='lat' dir='ltr'>broyes</span> <span class='ocrx_word' id='word_1_6' title='bbox 222 294 251 334; x_wconf 88' lang='lat' dir='ltr'>se</span> <span class='ocrx_word' id='word_1_7' title='bbox 271 280 335 333; x_wconf 90' lang='lat' dir='ltr'>sont</span> <span class='ocrx_word' id='word_1_8' title='bbox 356 270 492 332; x_wconf 80' lang='lat' dir='ltr'>evanouis</span> <span class='ocrx_word' id='word_1_9' title='bbox 510 292 623 331; x_wconf 86' lang='lat' dir='ltr'>comme</span> <span class='ocrx_word' id='word_1_10' title='bbox 643 291 683 330; x_wconf 92' lang='lat' dir='ltr'>un</span> <span class='ocrx_word' id='word_1_11' title='bbox 706 272 818 333; x_wconf 87' lang='lat' dir='ltr'>souffle.</span> <span class='ocrx_word' id='word_1_12' title='bbox 839 272 954 353; x_wconf 84' lang='lat' dir='ltr'>Capen-</span> 
     </span>
     <span class='ocr_line' id='line_1_3' title="bbox 102 365 954 447; baseline -0.004 -19"><span class='ocrx_word' id='word_1_13' title='bbox 102 368 172 428; x_wconf 90' lang='lat' dir='ltr'>dant</span> <span class='ocrx_word' id='word_1_14' title='bbox 189 368 229 427; x_wconf 90' lang='lat' dir='ltr'>les</span> <span class='ocrx_word' id='word_1_15' title='bbox 245 385 440 447; x_wconf 79' lang='lat' dir='ltr'>compagnons</span> <span class='ocrx_word' id='word_1_16' title='bbox 457 365 527 425; x_wconf 84' lang='lat' dir='ltr'>d&#39;un</span> <span class='ocrx_word' id='word_1_17' title='bbox 547 365 582 425; x_wconf 89' lang='lat' dir='ltr'>de</span> <span class='ocrx_word' id='word_1_18' title='bbox 596 385 641 424; x_wconf 86' lang='lat' dir='ltr'>ces</span> <span class='ocrx_word' id='word_1_19' title='bbox 659 365 820 427; x_wconf 83' lang='lat' dir='ltr'>infortune&#39;s</span> <span class='ocrx_word' id='word_1_20' title='bbox 836 367 954 427; x_wconf 89' lang='lat' dir='ltr'>l&#39;atten-</span> 
     </span>
     <span class='ocr_line' id='line_1_4' title="bbox 102 453 953 540; baseline 0.004 -24"><span class='ocrx_word' id='word_1_21' title='bbox 102 459 172 520; x_wconf 69' lang='lat' dir='ltr'>sient</span> <span class='ocrx_word' id='word_1_22' title='bbox 186 453 425 539; x_wconf 70' lang='lat' dir='ltr'>tranquillement</span> <span class='ocrx_word' id='word_1_23' title='bbox 443 478 479 517; x_wconf 87' lang='lat' dir='ltr'>au</span> <span class='ocrx_word' id='word_1_24' title='bbox 499 458 588 536; x_wconf 84' lang='lat' dir='ltr'>logis:</span> <span class='ocrx_word' id='word_1_25' title='bbox 604 457 716 517; x_wconf 79' lang='lat' dir='ltr'>chacun</span> <span class='ocrx_word' id='word_1_26' title='bbox 731 458 792 518; x_wconf 84' lang='lat' dir='ltr'>lave</span> <span class='ocrx_word' id='word_1_27' title='bbox 809 459 850 519; x_wconf 86' lang='lat' dir='ltr'>les</span> <span class='ocrx_word' id='word_1_28' title='bbox 867 460 953 540; x_wconf 81' lang='lat' dir='ltr'>plats,</span> 
     </span>
     <span class='ocr_line' id='line_1_5' title="bbox 84 551 954 635; baseline 0.002 -23"><span class='ocrx_word' id='word_1_29' title='bbox 84 597 89 604; x_wconf 79' lang='lat'><strong>.</strong></span> <span class='ocrx_word' id='word_1_30' title='bbox 102 555 203 614; x_wconf 82' lang='lat' dir='ltr'>soussse</span> <span class='ocrx_word' id='word_1_31' title='bbox 214 554 241 613; x_wconf 86' lang='lat' dir='ltr'>la</span> <span class='ocrx_word' id='word_1_32' title='bbox 253 555 314 625; x_wconf 84' lang='lat' dir='ltr'>feu,</span> <span class='ocrx_word' id='word_1_33' title='bbox 327 556 447 633; x_wconf 72' lang='lat' dir='ltr'>prepare</span> <span class='ocrx_word' id='word_1_34' title='bbox 465 552 505 612; x_wconf 90' lang='lat' dir='ltr'>les</span> <span class='ocrx_word' id='word_1_35' title='bbox 516 551 644 611; x_wconf 82' lang='lat' dir='ltr'>frottoirs</span> <span class='ocrx_word' id='word_1_36' title='bbox 652 554 714 630; x_wconf 69' lang='lat'><strong>(48)</strong></span> <span class='ocrx_word' id='word_1_37' title='bbox 728 561 755 613; x_wconf 91' lang='lat' dir='ltr'>et</span> <span class='ocrx_word' id='word_1_38' title='bbox 766 553 868 613; x_wconf 84' lang='lat' dir='ltr'>l&#39;huile</span> <span class='ocrx_word' id='word_1_39' title='bbox 879 576 954 635; x_wconf 87' lang='lat' dir='ltr'>pour</span> 
     </span>
     <span class='ocr_line' id='line_1_6' title="bbox 102 644 955 725; baseline 0 -18"><span class='ocrx_word' id='word_1_40' title='bbox 102 648 128 707; x_wconf 83' lang='lat' dir='ltr'>le</span> <span class='ocrx_word' id='word_1_41' title='bbox 143 647 228 717; x_wconf 70' lang='lat' dir='ltr'>baim</span> <span class='ocrx_word' id='word_1_42' title='bbox 243 653 272 706; x_wconf 90' lang='lat' dir='ltr'>et</span> <span class='ocrx_word' id='word_1_43' title='bbox 292 647 357 706; x_wconf 85' lang='lat' dir='ltr'>leur</span> <span class='ocrx_word' id='word_1_44' title='bbox 371 665 480 725; x_wconf 84' lang='lat' dir='ltr'>pauvre</span> <span class='ocrx_word' id='word_1_45' title='bbox 499 644 660 718; x_wconf 85' lang='lat' dir='ltr'>camarade,</span> <span class='ocrx_word' id='word_1_46' title='bbox 679 645 747 705; x_wconf 89' lang='lat' dir='ltr'>assis</span> <span class='ocrx_word' id='word_1_47' title='bbox 768 646 834 725; x_wconf 78' lang='lat' dir='ltr'>deja</span> <span class='ocrx_word' id='word_1_48' title='bbox 855 668 906 706; x_wconf 89' lang='lat' dir='ltr'>sur</span> <span class='ocrx_word' id='word_1_49' title='bbox 927 648 955 707; x_wconf 88' lang='lat' dir='ltr'>la</span> 
     </span>
     <span class='ocr_line' id='line_1_7' title="bbox 101 738 953 818; baseline 0 -18"><span class='ocrx_word' id='word_1_50' title='bbox 101 741 162 800; x_wconf 84' lang='lat' dir='ltr'>rive</span> <span class='ocrx_word' id='word_1_51' title='bbox 177 740 216 799; x_wconf 91' lang='lat' dir='ltr'>du</span> <span class='ocrx_word' id='word_1_52' title='bbox 232 741 313 818; x_wconf 71' lang='lat' dir='ltr'>Styx,</span> <span class='ocrx_word' id='word_1_53' title='bbox 333 745 375 798; x_wconf 88' lang='lat' dir='ltr'>est</span> <span class='ocrx_word' id='word_1_54' title='bbox 392 738 458 797; x_wconf 89' lang='lat' dir='ltr'>saisi</span> <span class='ocrx_word' id='word_1_55' title='bbox 477 738 632 798; x_wconf 83' lang='lat' dir='ltr'>d’horreur</span> <span class='ocrx_word' id='word_1_56' title='bbox 648 741 665 798; x_wconf 75' lang='lat' dir='ltr'>a</span> <span class='ocrx_word' id='word_1_57' title='bbox 683 739 800 818; x_wconf 85' lang='lat' dir='ltr'>l&#39;aspeot</span> <span class='ocrx_word' id='word_1_58' title='bbox 819 760 953 800; x_wconf 90' lang='lat' dir='ltr'>nouveau</span> 
     </span>
     <span class='ocr_line' id='line_1_8' title="bbox 100 831 956 911; baseline 0.002 -19"><span class='ocrx_word' id='word_1_59' title='bbox 100 833 141 892; x_wconf 87' lang='lat' dir='ltr'>du</span> <span class='ocrx_word' id='word_1_60' title='bbox 155 832 269 892; x_wconf 86' lang='lat' dir='ltr'>sombre</span> <span class='ocrx_word' id='word_1_61' title='bbox 281 832 386 903; x_wconf 77' lang='lat' dir='ltr'>Canon,</span> <span class='ocrx_word' id='word_1_62' title='bbox 401 838 429 891; x_wconf 88' lang='lat' dir='ltr'>et</span> <span class='ocrx_word' id='word_1_63' title='bbox 443 831 603 911; x_wconf 62' lang='lat' dir='ltr'>dempera,</span> <span class='ocrx_word' id='word_1_64' title='bbox 615 832 694 891; x_wconf 87' lang='lat' dir='ltr'>faule</span> <span class='ocrx_word' id='word_1_65' title='bbox 708 832 780 892; x_wconf 85' lang='lat' dir='ltr'>d&#39;un</span> <span class='ocrx_word' id='word_1_66' title='bbox 795 832 907 906; x_wconf 78' lang='lat' dir='ltr'>denies,</span> <span class='ocrx_word' id='word_1_67' title='bbox 919 833 956 894; x_wconf 87' lang='lat' dir='ltr'>de</span> 
     </span>
     <span class='ocr_line' id='line_1_9' title="bbox 101 923 511 1006; baseline -0.002 -21"><span class='ocrx_word' id='word_1_68' title='bbox 101 925 234 1006; x_wconf 79' lang='lat' dir='ltr'>passeris</span> <span class='ocrx_word' id='word_1_69' title='bbox 249 923 361 1003; x_wconf 82' lang='lat' dir='ltr'>gauffre</span> <span class='ocrx_word' id='word_1_70' title='bbox 376 924 511 1003; x_wconf 75' lang='lat' dir='ltr'>fungens.</span> 
     </span>
    </p>

    <p class='ocr_par' dir='ltr' id='par_1_3' title="bbox 95 1018 956 1943">
     <span class='ocr_line' id='line_1_10' title="bbox 141 1018 955 1102; baseline 0 -21"><span class='ocrx_word' id='word_1_71' title='bbox 141 1019 295 1081; x_wconf 78' lang='lat' dir='ltr'>Considera</span> <span class='ocrx_word' id='word_1_72' title='bbox 309 1018 489 1079; x_wconf 86' lang='lat' dir='ltr'>maintenant</span> <span class='ocrx_word' id='word_1_73' title='bbox 504 1020 543 1080; x_wconf 91' lang='lat' dir='ltr'>les</span> <span class='ocrx_word' id='word_1_74' title='bbox 557 1020 679 1099; x_wconf 84' lang='lat' dir='ltr'>dangers</span> <span class='ocrx_word' id='word_1_75' title='bbox 692 1021 727 1082; x_wconf 91' lang='lat' dir='ltr'>de</span> <span class='ocrx_word' id='word_1_76' title='bbox 742 1022 769 1081; x_wconf 82' lang='lat' dir='ltr'>la</span> <span class='ocrx_word' id='word_1_77' title='bbox 784 1021 860 1081; x_wconf 89' lang='lat' dir='ltr'>nuit.</span> <span class='ocrx_word' id='word_1_78' title='bbox 876 1023 955 1102; x_wconf 42' lang='lat' dir='ltr'>Confi</span> 
     </span>
     <span class='ocr_line' id='line_1_11' title="bbox 99 1111 953 1196; baseline 0.001 -22"><span class='ocrx_word' id='word_1_79' title='bbox 99 1116 208 1196; x_wconf 85' lang='lat' dir='ltr'>temple</span> <span class='ocrx_word' id='word_1_80' title='bbox 219 1114 246 1173; x_wconf 89' lang='lat' dir='ltr'>la</span> <span class='ocrx_word' id='word_1_81' title='bbox 257 1113 383 1173; x_wconf 85' lang='lat' dir='ltr'>hauteur</span> <span class='ocrx_word' id='word_1_82' title='bbox 392 1113 441 1172; x_wconf 87' lang='lat' dir='ltr'>des</span> <span class='ocrx_word' id='word_1_83' title='bbox 451 1113 587 1187; x_wconf 89' lang='lat' dir='ltr'>maisons,</span> <span class='ocrx_word' id='word_1_84' title='bbox 596 1114 665 1174; x_wconf 84' lang='lat' dir='ltr'>d&#39;oir</span> <span class='ocrx_word' id='word_1_85' title='bbox 677 1115 704 1174; x_wconf 88' lang='lat' dir='ltr'>la</span> <span class='ocrx_word' id='word_1_86' title='bbox 713 1114 785 1175; x_wconf 89' lang='lat' dir='ltr'>tuile</span> <span class='ocrx_word' id='word_1_87' title='bbox 796 1114 847 1195; x_wconf 89' lang='lat' dir='ltr'>qui</span> <span class='ocrx_word' id='word_1_88' title='bbox 858 1111 953 1196; x_wconf 82' lang='lat' dir='ltr'>plaut,</span> 
     </span>
     <span class='ocr_line' id='line_1_12' title="bbox 96 1206 953 1289; baseline 0.001 -21"><span class='ocrx_word' id='word_1_89' title='bbox 96 1209 168 1268; x_wconf 83' lang='lat' dir='ltr'>d&#39;oii</span> <span class='ocrx_word' id='word_1_90' title='bbox 184 1208 223 1267; x_wconf 85' lang='lat' dir='ltr'>les</span> <span class='ocrx_word' id='word_1_91' title='bbox 237 1226 316 1267; x_wconf 84' lang='lat' dir='ltr'>vases</span> <span class='ocrx_word' id='word_1_92' title='bbox 331 1206 399 1266; x_wconf 70' lang='lat' dir='ltr'>siles</span> <span class='ocrx_word' id='word_1_93' title='bbox 417 1213 446 1266; x_wconf 89' lang='lat' dir='ltr'>et</span> <span class='ocrx_word' id='word_1_94' title='bbox 460 1227 591 1288; x_wconf 87' lang='lat' dir='ltr'>rompus‚</span> <span class='ocrx_word' id='word_1_95' title='bbox 609 1208 683 1288; x_wconf 82' lang='lat' dir='ltr'>jete&#39;s</span> <span class='ocrx_word' id='word_1_96' title='bbox 697 1208 802 1289; x_wconf 84' lang='lat' dir='ltr'>parles</span> <span class='ocrx_word' id='word_1_97' title='bbox 817 1210 953 1282; x_wconf 76' lang='lat' dir='ltr'>fenetras,</span> 
     </span>
     <span class='ocr_line' id='line_1_13' title="bbox 96 1300 955 1382; baseline 0.001 -20"><span class='ocrx_word' id='word_1_98' title='bbox 96 1309 254 1362; x_wconf 87' lang='lat' dir='ltr'>menacent</span> <span class='ocrx_word' id='word_1_99' title='bbox 270 1300 305 1361; x_wconf 89' lang='lat' dir='ltr'>de</span> <span class='ocrx_word' id='word_1_100' title='bbox 323 1300 478 1381; x_wconf 72' lang='lat' dir='ltr'>foudroyer</span> <span class='ocrx_word' id='word_1_101' title='bbox 492 1322 544 1360; x_wconf 93' lang='lat' dir='ltr'>nos</span> <span class='ocrx_word' id='word_1_102' title='bbox 563 1306 651 1373; x_wconf 74' lang='lat' dir='ltr'>tetes3</span> <span class='ocrx_word' id='word_1_103' title='bbox 668 1302 728 1361; x_wconf 84' lang='lat' dir='ltr'>vois</span> <span class='ocrx_word' id='word_1_104' title='bbox 741 1303 850 1382; x_wconf 84' lang='lat' dir='ltr'>quelles</span> <span class='ocrx_word' id='word_1_105' title='bbox 863 1311 955 1363; x_wconf 86' lang='lat' dir='ltr'>traces</span> 
     </span>
     <span class='ocr_line' id='line_1_14' title="bbox 96 1395 954 1477; baseline 0.002 -22"><span class='ocrx_word' id='word_1_106' title='bbox 96 1397 126 1455; x_wconf 88' lang='lat' dir='ltr'>la</span> <span class='ocrx_word' id='word_1_107' title='bbox 138 1396 228 1456; x_wconf 87' lang='lat' dir='ltr'>chute</span> <span class='ocrx_word' id='word_1_108' title='bbox 242 1396 382 1456; x_wconf 74' lang='lat' dir='ltr'>aoeile&#39;ree</span> <span class='ocrx_word' id='word_1_109' title='bbox 397 1395 432 1455; x_wconf 91' lang='lat' dir='ltr'>de</span> <span class='ocrx_word' id='word_1_110' title='bbox 446 1415 491 1456; x_wconf 87' lang='lat' dir='ltr'>ees</span> <span class='ocrx_word' id='word_1_111' title='bbox 506 1416 613 1456; x_wconf 84' lang='lat' dir='ltr'>nrasses</span> <span class='ocrx_word' id='word_1_112' title='bbox 626 1396 764 1477; x_wconf 81' lang='lat' dir='ltr'>imprime</span> <span class='ocrx_word' id='word_1_113' title='bbox 778 1417 828 1456; x_wconf 90' lang='lat' dir='ltr'>sur</span> <span class='ocrx_word' id='word_1_114' title='bbox 847 1397 887 1457; x_wconf 87' lang='lat' dir='ltr'>les</span> <span class='ocrx_word' id='word_1_115' title='bbox 900 1418 954 1477; x_wconf 88' lang='lat' dir='ltr'>pa-</span> 
     </span>
     <span class='ocr_line' id='line_1_15' title="bbox 95 1490 955 1571; baseline 0.001 -23"><span class='ocrx_word' id='word_1_116' title='bbox 95 1493 159 1550; x_wconf 73' lang='lat' dir='ltr'>ves.</span> <span class='ocrx_word' id='word_1_117' title='bbox 174 1492 219 1550; x_wconf 89' lang='lat' dir='ltr'>On</span> <span class='ocrx_word' id='word_1_118' title='bbox 235 1498 305 1570; x_wconf 91' lang='lat' dir='ltr'>peut</span> <span class='ocrx_word' id='word_1_119' title='bbox 319 1498 398 1550; x_wconf 85' lang='lat' dir='ltr'>taxer</span> <span class='ocrx_word' id='word_1_120' title='bbox 414 1490 449 1551; x_wconf 84' lang='lat' dir='ltr'>de</span> <span class='ocrx_word' id='word_1_121' title='bbox 468 1502 588 1571; x_wconf 82' lang='lat' dir='ltr'>parasse</span> <span class='ocrx_word' id='word_1_122' title='bbox 600 1499 628 1551; x_wconf 87' lang='lat' dir='ltr'>et</span> <span class='ocrx_word' id='word_1_123' title='bbox 645 1491 864 1571; x_wconf 82' lang='lat' dir='ltr'>d&#39;inrprudenoe</span> <span class='ocrx_word' id='word_1_124' title='bbox 882 1492 955 1571; x_wconf 88' lang='lat' dir='ltr'>qui-</span> 
     </span>
     <span class='ocr_line' id='line_1_16' title="bbox 95 1582 954 1663; baseline 0 -20"><span class='ocrx_word' id='word_1_125' title='bbox 95 1603 211 1663; x_wconf 87' lang='lat' dir='ltr'>eonque</span> <span class='ocrx_word' id='word_1_126' title='bbox 223 1604 258 1642; x_wconf 83' lang='lat' dir='ltr'>va</span> <span class='ocrx_word' id='word_1_127' title='bbox 272 1603 376 1662; x_wconf 87' lang='lat' dir='ltr'>souper</span> <span class='ocrx_word' id='word_1_128' title='bbox 387 1603 451 1641; x_wconf 86' lang='lat' dir='ltr'>sans</span> <span class='ocrx_word' id='word_1_129' title='bbox 462 1582 532 1643; x_wconf 81' lang='lat' dir='ltr'>faire</span> <span class='ocrx_word' id='word_1_130' title='bbox 548 1604 598 1643; x_wconf 91' lang='lat' dir='ltr'>son</span> <span class='ocrx_word' id='word_1_131' title='bbox 614 1591 786 1642; x_wconf 86' lang='lat' dir='ltr'>testament:</span> <span class='ocrx_word' id='word_1_132' title='bbox 802 1591 904 1643; x_wconf 81' lang='lat' dir='ltr'><strong>autaut</strong></span> <span class='ocrx_word' id='word_1_133' title='bbox 918 1585 954 1643; x_wconf 85' lang='lat' dir='ltr'>de</span> 
     </span>
     <span class='ocr_line' id='line_1_17' title="bbox 95 1675 954 1754; baseline -0.002 -17"><span class='ocrx_word' id='word_1_134' title='bbox 95 1678 224 1738; x_wconf 72' lang='lat' dir='ltr'>fenetras</span> <span class='ocrx_word' id='word_1_135' title='bbox 237 1676 370 1737; x_wconf 73' lang='lat' dir='ltr'>eolairies</span> <span class='ocrx_word' id='word_1_136' title='bbox 384 1697 434 1735; x_wconf 87' lang='lat' dir='ltr'>sur</span> <span class='ocrx_word' id='word_1_137' title='bbox 452 1696 503 1734; x_wconf 91' lang='lat' dir='ltr'>son</span> <span class='ocrx_word' id='word_1_138' title='bbox 524 1696 650 1754; x_wconf 78' lang='lat' dir='ltr'>passage,</span> <span class='ocrx_word' id='word_1_139' title='bbox 669 1679 771 1734; x_wconf 78' lang='lat' dir='ltr'>&#39;autant</span> <span class='ocrx_word' id='word_1_140' title='bbox 785 1675 821 1736; x_wconf 90' lang='lat' dir='ltr'>de</span> <span class='ocrx_word' id='word_1_141' title='bbox 835 1678 954 1735; x_wconf 75' lang='lat' dir='ltr'>mortsa</span> 
     </span>
     <span class='ocr_line' id='line_1_18' title="bbox 95 1768 956 1845; baseline 0 -16"><span class='ocrx_word' id='word_1_142' title='bbox 95 1768 251 1841; x_wconf 84' lang='lat' dir='ltr'>redouter;</span> <span class='ocrx_word' id='word_1_143' title='bbox 275 1770 301 1831; x_wconf 89' lang='lat' dir='ltr'>le</span> <span class='ocrx_word' id='word_1_144' title='bbox 322 1768 385 1830; x_wconf 90' lang='lat' dir='ltr'>seul</span> <span class='ocrx_word' id='word_1_145' title='bbox 406 1788 474 1830; x_wconf 86' lang='lat' dir='ltr'>voeu</span> <span class='ocrx_word' id='word_1_146' title='bbox 496 1768 693 1845; x_wconf 88' lang='lat' dir='ltr'>raisonnable,</span> <span class='ocrx_word' id='word_1_147' title='bbox 715 1769 784 1829; x_wconf 85' lang='lat' dir='ltr'>c&#39;est</span> <span class='ocrx_word' id='word_1_148' title='bbox 804 1768 839 1831; x_wconf 90' lang='lat' dir='ltr'>de</span> <span class='ocrx_word' id='word_1_149' title='bbox 861 1769 956 1829; x_wconf 71' lang='lat' dir='ltr'>n&#39;itre</span> 
     </span>
     <span class='ocr_line' id='line_1_19' title="bbox 95 1865 527 1943; baseline 0.005 -21"><span class='ocrx_word' id='word_1_150' title='bbox 95 1865 258 1943; x_wconf 72' lang='lat' dir='ltr'>qu&#39;arrosi.</span> <span class='ocrx_word' id='word_1_151' title='bbox 523 1874 527 1882; x_wconf 88' lang='lat'>&#39;</span> 
     </span>
    </p>
   </div>
   <div class='ocr_carea' id='block_1_3' title="bbox 140 2116 829 3231">
    <p class='ocr_par' dir='ltr' id='par_1_4' title="bbox 140 2116 829 3231">
     <span class='ocr_line' id='line_1_20' title="bbox 210 2116 738 2169; baseline -0.002 -13"><span class='ocrx_word' id='word_1_152' title='bbox 210 2116 272 2156; x_wconf 83' lang='lat' dir='ltr'>More</span> <span class='ocrx_word' id='word_1_153' title='bbox 280 2117 365 2156; x_wconf 71' lang='lat' dir='ltr'>anime.</span> <span class='ocrx_word' id='word_1_154' title='bbox 377 2116 460 2156; x_wconf 88' lang='lat' dir='ltr'>Domus</span> <span class='ocrx_word' id='word_1_155' title='bbox 471 2117 553 2156; x_wconf 86' lang='lat' dir='ltr'>interea</span> <span class='ocrx_word' id='word_1_156' title='bbox 561 2127 637 2156; x_wconf 86' lang='lat' dir='ltr'>secura</span> <span class='ocrx_word' id='word_1_157' title='bbox 646 2116 738 2169; x_wconf 85' lang='lat' dir='ltr'>patellas</span> 
     </span>
     <span class='ocr_line' id='line_1_21' title="bbox 208 2182 829 2232; baseline -0.002 -8"><span class='ocrx_word' id='word_1_158' title='bbox 208 2183 257 2224; x_wconf 85' lang='lat' dir='ltr'>Jam</span> <span class='ocrx_word' id='word_1_159' title='bbox 266 2182 332 2230; x_wconf 83' lang='lat' dir='ltr'>lavat,</span> <span class='ocrx_word' id='word_1_160' title='bbox 343 2187 365 2223; x_wconf 91' lang='lat' dir='ltr'>et</span> <span class='ocrx_word' id='word_1_161' title='bbox 374 2184 443 2223; x_wconf 85' lang='lat' dir='ltr'>bucca</span> <span class='ocrx_word' id='word_1_162' title='bbox 451 2182 546 2223; x_wconf 79' lang='lat' dir='ltr'>foculum</span> <span class='ocrx_word' id='word_1_163' title='bbox 556 2184 645 2232; x_wconf 84' lang='lat' dir='ltr'>excitat,</span> <span class='ocrx_word' id='word_1_164' title='bbox 654 2188 677 2223; x_wconf 89' lang='lat' dir='ltr'>et</span> <span class='ocrx_word' id='word_1_165' title='bbox 686 2188 747 2225; x_wconf 85' lang='lat' dir='ltr'>sonat</span> <span class='ocrx_word' id='word_1_166' title='bbox 756 2183 829 2223; x_wconf 82' lang='lat' dir='ltr'>unctis</span> 
     </span>
     <span class='ocr_line' id='line_1_22' title="bbox 208 2248 713 2302; baseline 0.004 -14"><span class='ocrx_word' id='word_1_167' title='bbox 208 2248 329 2300; x_wconf 81' lang='lat' dir='ltr'>striglibus,</span> <span class='ocrx_word' id='word_1_168' title='bbox 340 2255 362 2290; x_wconf 91' lang='lat' dir='ltr'>et</span> <span class='ocrx_word' id='word_1_169' title='bbox 373 2248 435 2302; x_wconf 90' lang='lat' dir='ltr'>pleno</span> <span class='ocrx_word' id='word_1_170' title='bbox 445 2250 554 2301; x_wconf 80' lang='lat' dir='ltr'>componit</span> <span class='ocrx_word' id='word_1_171' title='bbox 564 2250 632 2289; x_wconf 83' lang='lat' dir='ltr'>lintea</span> <span class='ocrx_word' id='word_1_172' title='bbox 643 2254 713 2301; x_wconf 78' lang='lat' dir='ltr'>gutta.</span> 
     </span>
     <span class='ocr_line' id='line_1_23' title="bbox 208 2315 766 2369; baseline 0.002 -14"><span class='ocrx_word' id='word_1_173' title='bbox 208 2315 261 2355; x_wconf 76' lang='lat' dir='ltr'>Haec</span> <span class='ocrx_word' id='word_1_174' title='bbox 271 2316 326 2355; x_wconf 89' lang='lat' dir='ltr'>inter</span> <span class='ocrx_word' id='word_1_175' title='bbox 336 2326 414 2367; x_wconf 88' lang='lat' dir='ltr'>pueros</span> <span class='ocrx_word' id='word_1_176' title='bbox 425 2317 484 2355; x_wconf 82' lang='lat' dir='ltr'>varie</span> <span class='ocrx_word' id='word_1_177' title='bbox 494 2320 636 2368; x_wconf 83' lang='lat' dir='ltr'>properantur</span> <span class='ocrx_word' id='word_1_178' title='bbox 646 2329 651 2355; x_wconf 74' lang='grc' dir='ltr'><strong><em>ι</em></strong></span> <span class='ocrx_word' id='word_1_179' title='bbox 661 2321 684 2356; x_wconf 88' lang='lat' dir='ltr'>at</span> <span class='ocrx_word' id='word_1_180' title='bbox 694 2316 731 2357; x_wconf 91' lang='lat' dir='ltr'>ille</span> <span class='ocrx_word' id='word_1_181' title='bbox 763 2364 766 2369; x_wconf 30' lang='lat'><em>¹</em></span> 
     </span>
     <span class='ocr_line' id='line_1_24' title="bbox 140 2382 742 2435; baseline 0 -11"><span class='ocrx_word' id='word_1_182' title='bbox 140 2385 181 2424; x_wconf 78' lang='grc'>265</span> <span class='ocrx_word' id='word_1_183' title='bbox 209 2383 258 2423; x_wconf 82' lang='lat' dir='ltr'>lam</span> <span class='ocrx_word' id='word_1_184' title='bbox 267 2382 328 2423; x_wconf 88' lang='lat' dir='ltr'>sedet</span> <span class='ocrx_word' id='word_1_185' title='bbox 337 2383 358 2422; x_wconf 92' lang='lat' dir='ltr'>in</span> <span class='ocrx_word' id='word_1_186' title='bbox 368 2383 423 2435; x_wconf 82' lang='lat' dir='ltr'>ripa,</span> <span class='ocrx_word' id='word_1_187' title='bbox 433 2386 556 2433; x_wconf 90' lang='lat' dir='ltr'>tetrumque</span> <span class='ocrx_word' id='word_1_188' title='bbox 566 2383 660 2422; x_wconf 81' lang='lat' dir='ltr'>novitius</span> <span class='ocrx_word' id='word_1_189' title='bbox 668 2382 742 2424; x_wconf 88' lang='lat' dir='ltr'>horret</span> 
     </span>
     <span class='ocr_line' id='line_1_25' title="bbox 208 2449 748 2502; baseline -0.002 -12"><span class='ocrx_word' id='word_1_190' title='bbox 208 2450 337 2499; x_wconf 77' lang='lat' dir='ltr'>Porthmea3</span> <span class='ocrx_word' id='word_1_191' title='bbox 348 2460 388 2489; x_wconf 86' lang='lat' dir='ltr'>nec</span> <span class='ocrx_word' id='word_1_192' title='bbox 399 2453 471 2502; x_wconf 86' lang='lat' dir='ltr'>sperat</span> <span class='ocrx_word' id='word_1_193' title='bbox 481 2450 560 2489; x_wconf 83' lang='lat' dir='ltr'>coenosi</span> <span class='ocrx_word' id='word_1_194' title='bbox 571 2450 664 2499; x_wconf 79' lang='lat' dir='ltr'>gurgitis</span> <span class='ocrx_word' id='word_1_195' title='bbox 675 2449 748 2489; x_wconf 87' lang='lat' dir='ltr'>alnum</span> 
     </span>
     <span class='ocr_line' id='line_1_26' title="bbox 209 2515 766 2566; baseline 0 -11"><span class='ocrx_word' id='word_1_196' title='bbox 209 2515 294 2564; x_wconf 74' lang='lat' dir='ltr'>Infelix,</span> <span class='ocrx_word' id='word_1_197' title='bbox 305 2524 345 2555; x_wconf 87' lang='lat' dir='ltr'>nec</span> <span class='ocrx_word' id='word_1_198' title='bbox 354 2515 420 2555; x_wconf 87' lang='lat' dir='ltr'>habet</span> <span class='ocrx_word' id='word_1_199' title='bbox 429 2526 494 2566; x_wconf 84' lang='lat' dir='ltr'>quern</span> <span class='ocrx_word' id='word_1_200' title='bbox 506 2517 601 2566; x_wconf 86' lang='lat' dir='ltr'>porrigat</span> <span class='ocrx_word' id='word_1_201' title='bbox 611 2525 647 2553; x_wconf 89' lang='lat' dir='ltr'>ore</span> <span class='ocrx_word' id='word_1_202' title='bbox 658 2516 766 2555; x_wconf 88' lang='lat' dir='ltr'>trientem.</span> 
     </span>
     <span class='ocr_line' id='line_1_27' title="bbox 234 2581 779 2635; baseline -0.004 -13"><span class='ocrx_word' id='word_1_203' title='bbox 234 2582 325 2635; x_wconf 78' lang='lat' dir='ltr'>Respice</span> <span class='ocrx_word' id='word_1_204' title='bbox 335 2593 392 2623; x_wconf 89' lang='lat' dir='ltr'>nunc</span> <span class='ocrx_word' id='word_1_205' title='bbox 402 2582 445 2621; x_wconf 84' lang='lat' dir='ltr'>alia</span> <span class='ocrx_word' id='word_1_206' title='bbox 455 2593 480 2621; x_wconf 89' lang='lat' dir='ltr'>ac</span> <span class='ocrx_word' id='word_1_207' title='bbox 491 2581 576 2621; x_wconf 85' lang='lat' dir='ltr'>diversa</span> <span class='ocrx_word' id='word_1_208' title='bbox 587 2581 685 2633; x_wconf 85' lang='lat' dir='ltr'>pericula</span> <span class='ocrx_word' id='word_1_209' title='bbox 696 2581 779 2621; x_wconf 85' lang='lat' dir='ltr'>noctis:</span> 
     </span>
     <span class='ocr_line' id='line_1_28' title="bbox 207 2645 786 2700; baseline -0.007 -12"><span class='ocrx_word' id='word_1_210' title='bbox 207 2646 271 2697; x_wconf 87' lang='lat' dir='ltr'>Quod</span> <span class='ocrx_word' id='word_1_211' title='bbox 281 2649 376 2700; x_wconf 85' lang='lat' dir='ltr'>spatium</span> <span class='ocrx_word' id='word_1_212' title='bbox 385 2648 450 2687; x_wconf 86' lang='lat' dir='ltr'>tectis</span> <span class='ocrx_word' id='word_1_213' title='bbox 459 2646 595 2695; x_wconf 84' lang='lat' dir='ltr'>sublimibus,</span> <span class='ocrx_word' id='word_1_214' title='bbox 606 2645 663 2685; x_wconf 90' lang='lat' dir='ltr'>unde</span> <span class='ocrx_word' id='word_1_215' title='bbox 675 2645 786 2686; x_wconf 81' lang='lat' dir='ltr'>cerebrum</span> 
     </span>
     <span class='ocr_line' id='line_1_29' title="bbox 140 2712 742 2766; baseline -0.005 -10"><span class='ocrx_word' id='word_1_216' title='bbox 140 2718 182 2756; x_wconf 80' lang='lat'>270</span> <span class='ocrx_word' id='word_1_217' title='bbox 208 2715 274 2755; x_wconf 85' lang='lat' dir='ltr'>Testa</span> <span class='ocrx_word' id='word_1_218' title='bbox 285 2714 335 2755; x_wconf 85' lang='lat' dir='ltr'>ierit</span> <span class='ocrx_word' id='word_1_219' title='bbox 341 2727 347 2763; x_wconf 92' lang='lat'>;</span> <span class='ocrx_word' id='word_1_220' title='bbox 359 2716 444 2766; x_wconf 86' lang='lat' dir='ltr'>quoties</span> <span class='ocrx_word' id='word_1_221' title='bbox 452 2715 532 2753; x_wconf 86' lang='lat' dir='ltr'>rimosa</span> <span class='ocrx_word' id='word_1_222' title='bbox 540 2719 562 2754; x_wconf 93' lang='lat' dir='ltr'>et</span> <span class='ocrx_word' id='word_1_223' title='bbox 571 2718 634 2754; x_wconf 81' lang='lat' dir='ltr'>curta</span> <span class='ocrx_word' id='word_1_224' title='bbox 644 2712 742 2753; x_wconf 79' lang='lat' dir='ltr'>fenestris</span> 
     </span>
     <span class='ocr_line' id='line_1_30' title="bbox 207 2779 785 2832; baseline -0.003 -12"><span class='ocrx_word' id='word_1_225' title='bbox 207 2780 265 2821; x_wconf 86' lang='lat' dir='ltr'>Vasa</span> <span class='ocrx_word' id='word_1_226' title='bbox 274 2779 361 2829; x_wconf 82' lang='lat' dir='ltr'>eadunt,</span> <span class='ocrx_word' id='word_1_227' title='bbox 374 2783 455 2831; x_wconf 87' lang='lat' dir='ltr'>quanto</span> <span class='ocrx_word' id='word_1_228' title='bbox 463 2790 589 2832; x_wconf 85' lang='lat' dir='ltr'>percussum</span> <span class='ocrx_word' id='word_1_229' title='bbox 597 2779 692 2831; x_wconf 88' lang='lat' dir='ltr'>pondere</span> <span class='ocrx_word' id='word_1_230' title='bbox 701 2779 785 2828; x_wconf 77' lang='lat' dir='ltr'>signent</span> 
     </span>
     <span class='ocr_line' id='line_1_31' title="bbox 209 2844 713 2896; baseline -0.006 -10"><span class='ocrx_word' id='word_1_231' title='bbox 209 2847 239 2886; x_wconf 87' lang='lat' dir='ltr'>Et</span> <span class='ocrx_word' id='word_1_232' title='bbox 247 2845 328 2886; x_wconf 74' lang='lat' dir='ltr'>laedant</span> <span class='ocrx_word' id='word_1_233' title='bbox 337 2846 428 2886; x_wconf 85' lang='lat' dir='ltr'>silicem.</span> <span class='ocrx_word' id='word_1_234' title='bbox 440 2845 513 2885; x_wconf 87' lang='lat' dir='ltr'>Possis</span> <span class='ocrx_word' id='word_1_235' title='bbox 523 2845 614 2896; x_wconf 84' lang='lat' dir='ltr'>ignavus</span> <span class='ocrx_word' id='word_1_236' title='bbox 624 2844 713 2893; x_wconf 86' lang='lat' dir='ltr'>baberi,</span> 
     </span>
     <span class='ocr_line' id='line_1_32' title="bbox 209 2911 697 2964; baseline -0.002 -12"><span class='ocrx_word' id='word_1_237' title='bbox 209 2913 239 2953; x_wconf 86' lang='lat' dir='ltr'>Et</span> <span class='ocrx_word' id='word_1_238' title='bbox 248 2913 315 2952; x_wconf 89' lang='lat' dir='ltr'>subiti</span> <span class='ocrx_word' id='word_1_239' title='bbox 325 2923 387 2952; x_wconf 85' lang='lat' dir='ltr'>casus</span> <span class='ocrx_word' id='word_1_240' title='bbox 396 2911 536 2964; x_wconf 83' lang='lat' dir='ltr'>improvidus.</span> <span class='ocrx_word' id='word_1_241' title='bbox 548 2911 576 2951; x_wconf 87' lang='lat' dir='ltr'>ad</span> <span class='ocrx_word' id='word_1_242' title='bbox 586 2922 669 2951; x_wconf 82' lang='lat' dir='ltr'>coenam</span> <span class='ocrx_word' id='word_1_243' title='bbox 678 2911 697 2951; x_wconf 88' lang='lat' dir='ltr'>si</span> 
     </span>
     <span class='ocr_line' id='line_1_33' title="bbox 210 2977 668 3028; baseline -0.004 -10"><span class='ocrx_word' id='word_1_244' title='bbox 210 2979 329 3019; x_wconf 87' lang='lat' dir='ltr'>Intestatus</span> <span class='ocrx_word' id='word_1_245' title='bbox 338 2989 388 3018; x_wconf 80' lang='lat' dir='ltr'>eas:</span> <span class='ocrx_word' id='word_1_246' title='bbox 398 2978 452 3019; x_wconf 86' lang='lat' dir='ltr'>adeo</span> <span class='ocrx_word' id='word_1_247' title='bbox 461 2981 495 3017; x_wconf 94' lang='lat' dir='ltr'>tot</span> <span class='ocrx_word' id='word_1_248' title='bbox 503 2977 556 3024; x_wconf 84' lang='lat' dir='ltr'>tata,</span> <span class='ocrx_word' id='word_1_249' title='bbox 567 2982 621 3028; x_wconf 91' lang='lat' dir='ltr'>quot</span> <span class='ocrx_word' id='word_1_250' title='bbox 630 2977 668 3017; x_wconf 84' lang='lat' dir='ltr'>illa</span> 
     </span>
     <span class='ocr_line' id='line_1_34' title="bbox 141 3042 768 3101; baseline -0.003 -15"><span class='ocrx_word' id='word_1_251' title='bbox 141 3044 183 3087; x_wconf 80' lang='lat'>275</span> <span class='ocrx_word' id='word_1_252' title='bbox 210 3045 282 3085; x_wconf 86' lang='lat' dir='ltr'>Nocte</span> <span class='ocrx_word' id='word_1_253' title='bbox 290 3048 365 3096; x_wconf 83' lang='lat' dir='ltr'>patent</span> <span class='ocrx_word' id='word_1_254' title='bbox 375 3045 458 3096; x_wconf 83' lang='lat' dir='ltr'>vigiles,</span> <span class='ocrx_word' id='word_1_255' title='bbox 470 3048 492 3085; x_wconf 90' lang='lat' dir='ltr'>te</span> <span class='ocrx_word' id='word_1_256' title='bbox 501 3049 651 3096; x_wconf 75' lang='lat' dir='ltr'>pretereunte,</span> <span class='ocrx_word' id='word_1_257' title='bbox 662 3042 768 3101; x_wconf 71' lang='lat' dir='ltr'>fenestrae.</span> 
     </span>
     <span class='ocr_line' id='line_1_35' title="bbox 209 3110 759 3163; baseline 0.002 -13"><span class='ocrx_word' id='word_1_258' title='bbox 209 3110 268 3162; x_wconf 82' lang='lat' dir='ltr'>Ergo</span> <span class='ocrx_word' id='word_1_259' title='bbox 277 3115 347 3163; x_wconf 84' lang='lat' dir='ltr'>optes,</span> <span class='ocrx_word' id='word_1_260' title='bbox 357 3115 475 3162; x_wconf 83' lang='lat' dir='ltr'>votumque</span> <span class='ocrx_word' id='word_1_261' title='bbox 485 3110 540 3151; x_wconf 83' lang='lat' dir='ltr'>ieras</span> <span class='ocrx_word' id='word_1_262' title='bbox 549 3110 670 3151; x_wconf 86' lang='lat' dir='ltr'>miserabile</span> <span class='ocrx_word' id='word_1_263' title='bbox 680 3114 759 3161; x_wconf 87' lang='lat' dir='ltr'>tecum,</span> 
     </span>
     <span class='ocr_line' id='line_1_36' title="bbox 210 3177 723 3231; baseline 0.004 -13"><span class='ocrx_word' id='word_1_264' title='bbox 210 3178 241 3219; x_wconf 87' lang='lat' dir='ltr'>Ut</span> <span class='ocrx_word' id='word_1_265' title='bbox 252 3180 294 3220; x_wconf 85' lang='lat' dir='ltr'>sint</span> <span class='ocrx_word' id='word_1_266' title='bbox 304 3181 410 3219; x_wconf 81' lang='lat' dir='ltr'>contentae</span> <span class='ocrx_word' id='word_1_267' title='bbox 420 3178 505 3231; x_wconf 80' lang='lat' dir='ltr'>patulas</span> <span class='ocrx_word' id='word_1_268' title='bbox 515 3178 634 3219; x_wconf 84' lang='lat' dir='ltr'>detundere</span> <span class='ocrx_word' id='word_1_269' title='bbox 643 3177 723 3231; x_wconf 84' lang='lat' dir='ltr'>pelves.</span> 
     </span>
    </p>
   </div>
   <div class='ocr_carea' id='block_1_4' title="bbox 0 0 1146 3650">
    <p class='ocr_par' dir='ltr' id='par_1_5' title="bbox 0 0 1146 3650">
     <span class='ocr_line' id='line_1_37' title="bbox 0 0 1146 3650; baseline 0 0"><span class='ocrx_word' id='word_1_270' title='bbox 0 0 1146 3650; x_wconf 95' lang='lat' dir='ltr'> </span> 
     </span>
    </p>
   </div>
  </div>
 </body>
</html>
