2284 3650
475 202 592 252 satine
609 204 637 252 l‘.
942 206 989 255 2l9

131 300 201 361 cher
209 301 266 378 (9);
276 299 352 359 suite
363 297 509 359 ordinaire
518 298 569 358 des
577 297 704 358 combats
712 306 793 359 entre
804 299 844 359 les
851 297 990 380 parasites

131 402 161 455 et
173 394 201 454 le
214 395 332 455 cohorte
349 393 399 454 des
411 392 575 454 affrarrehis.
587 395 626 453 Le
641 401 744 473 patron
755 393 905 455 s'abreure
915 394 989 456 d’un

130 488 297 549 vinsontire
308 508 375 549 sons
388 507 439 548 nos
449 488 563 548 consuls
572 488 788 566 eherelusllll)‚
796 508 834 549 ou
844 488 883 548 alu
895 496 990 569 temps

130 582 166 642 de
181 582 208 643 la
220 603 326 663 guerre
340 582 453 657 sociale,
466 582 537 642 dont
550 582 571 641 il
582 602 618 642 ne
632 581 838 650 rechaufferait
852 601 901 662 pas
915 582 988 642 d'un

131 676 193 737 seul
219 697 302 737 verre
325 676 473 737 l'estomao
498 676 615 736 de'labre
632 676 705 736 d'u'n
733 674 803 736 ami.
826 675 950 737 Demain
966 675 988 735 il

129 769 212 831 boire
229 770 270 830 du
288 770 337 831 vin
357 771 407 831 des
420 777 542 830 ooteaux
555 769 657 831 d'Albe
672 790 709 831 ou
728 770 764 831 de
787 770 900 831 Sttiues
911 771 986 848 (it),

129 869 266 926 conserve
280 866 350 926 dans
363 864 414 925 des
432 884 511 925 vases
526 865 677 925 tellement
691 864 796 926 noircis
809 864 846 925 de
860 869 987 940 vetuste,

131 959 222 1037 qu'on
242 958 290 1039 n'y
304 966 374 1039 peut
387 959 453 1040 plus
472 958 525 1019 lire
544 958 571 1020 le
591 979 659 1041 pays
676 957 707 1019 ni
728 959 756 1020 le
778 960 926 1030 consulat3
948 958 987 1019 tel

132 1051 222 1130 qu'en
235 1051 373 1114 buvaient
385 1052 536 1114 Helvidius
546 1061 575 1113 et
589 1053 728 1113 Thraseas
739 1055 814 1132 (la),
826 1056 989 1114 couronnes

132 1144 168 1205 de
184 1147 283 1221 fleurs,
299 1167 356 1208 anx
370 1147 580 1208 anniversaires
593 1147 629 1208 de
643 1150 753 1208 Brutus
767 1157 796 1208 et
809 1148 845 1208 de
859 1146 986 1208 Cassius.

131 1239 236 1301 Virron
249 1262 278 1302 se
290 1251 348 1303 sert
361 1243 450 1303 d'une
468 1244 546 1321 large
560 1263 651 1322 eoupe
669 1242 800 1302 d'amhre
812 1241 937 1302 he'rissee
950 1240 987 1301 de

128 1333 294 1414 pierreries.
303 1337 328 1396 Α
338 1335 390 1408 toi,
399 1336 457 1396 l'on
470 1357 507 1396 ne
518 1344 546 1395 te
556 1339 649 1397 eonlie
659 1334 741 1417 point
750 1335 786 1395 de
795 1355 888 1416 coupe
900 1335 963 1395 d'or
975 1355 984 1395 :

129 1427 152 1487 si
167 1448 220 1508 par
234 1428 338 1489 hasard
351 1450 387 1490 on
403 1431 462 1491 t'en
475 1430 571 1491 donne
584 1450 655 1504 une,
673 1451 715 1490 un
733 1428 852 1509 gordien
866 1429 952 1489 veille
968 1430 986 1489 a

129 1530 173 1583 tes
193 1527 270 1585 cotes
293 1545 369 1606 pour
391 1545 428 1585 en
446 1532 577 1606 compter
597 1525 637 1585 les
660 1525 818 1597 diamants‚
841 1531 870 1583 et
889 1522 987 1583 suivre

129 1616 166 1677 de
181 1619 250 1679 l'oeil
271 1627 313 1680 tes
334 1620 432 1699 ongles
447 1620 613 1681 recourbe's.
634 1621 708 1680 N'en
722 1619 778 1680 sois
792 1639 842 1700 pes
858 1619 983 1698 meque,

130 1718 206 1773 eette
219 1733 311 1794 eoupe
326 1722 369 1774 est
380 1719 467 1775 ornae
485 1714 576 1775 d'une
592 1714 686 1796 pierre
699 1715 845 1784 famouse;
859 1734 907 1774 car
920 1712 987 1773 llir·

128 1826 195 1882 ron,
207 1828 320 1869 somme
336 1815 398 1869 tant
416 1809 554 1883 d'autres,
571 1817 745 1891 transporta,
764 1808 800 1870 de
818 1830 862 1870 ses
876 1808 989 1888 hagues

129 1922 183 1963 sur
193 1923 237 1964 ses
250 1924 367 1984 coupes,
381 1905 421 1966 les
437 1905 580 1964 diamants
591 1925 648 1986 que
662 1904 780 1985 permit,
796 1923 834 1964 eu
848 1905 987 1965 fourreau

240 2158 299 2200 Inter
310 2170 348 2200 vos
356 2161 442 2211 quoties
452 2160 623 2212 libertorumque
634 2161 744 2203 cohortem

239 2226 316 2278 Pugna
325 2228 440 2278 saguntina
448 2226 517 2269 servet
528 2229 644 2269 commissa
652 2229 738 2281 lagena.

186 2293 213 2333 30
241 2292 290 2346 lpse
301 2293 404 2347 capillato
414 2293 518 2336 diffusum
527 2296 614 2336 consule
626 2300 696 2349 porat,
727 2333 730 2339 .

238 2360 394 2414 Calcatamque
404 2366 464 2404 tenet
472 2363 536 2403 bellis
544 2363 660 2404 socialibus
667 2375 740 2416 uram,

240 2426 345 2469 Cardiaeo
355 2439 466 2479 nunquam
476 2430 582 2481 cyathum
592 2430 697 2472 missurus
706 2432 784 2472 amieo.

239 2494 293 2535 Cras
302 2496 363 2538 bibet
372 2495 460 2536 Albanis
469 2496 553 2548 aliquid
563 2497 592 2537 de
601 2498 717 2546 montibus,
729 2504 767 2540 aut
776 2498 804 2539 de

239 2560 325 2612 Setinis,
335 2565 398 2615 cujus
405 2564 499 2615 patriam
510 2564 643 2616 titulumque
652 2569 752 2605 senectus

185 2628 213 2670 ³5
240 2628 325 2671 Delerit
334 2630 404 2672 multa
413 2632 492 2671 veteris
502 2629 592 2683 iuligine
602 2636 663 2673 testae
669 2645 676 2682 ;

239 2695 310 2744 Quale
320 2699 416 2739 coronati
425 2696 522 2739 Thrasea
530 2698 689 2750 Helvidiusque
696 2699 801 2740 bibebant

240 2763 358 2805 Brutorum
369 2769 392 2806 et
402 2765 464 2806 Cassi
473 2765 590 2806 natalibus.
601 2766 651 2819 lpse
660 2776 750 2818 capaces

239 2830 358 2872 Heliadum
366 2836 458 2883 crustas,
468 2836 491 2872 et
499 2831 616 2883 inequales
625 2832 709 2884 beryllo

240 2897 304 2938 Virro
314 2901 375 2940 tenet
382 2898 482 2952 phialas:
493 2899 534 2941 tibi
544 2909 587 2939 non
597 2900 740 2941 committitur
750 2910 843 2950 aurumj

184 2965 212 3005 40
238 2965 288 3015 Vel,
299 2967 317 3006 si
327 2964 415 3017 quando
425 2965 497 3015 datur,
508 2970 582 3008 eustos
591 2965 671 3007 alflaus
678 2965 760 3007 ibidem

238 3033 282 3082 Qui
292 3039 390 3075 numeret
399 3045 502 3085 gemmas,
513 3044 638 3085 unguesque
648 3034 748 3075 observet
756 3038 840 3075 acutos.

239 3099 275 3142 Da
282 3103 376 3153 veniam,
387 3100 491 3154 praeclara
500 3100 545 3139 illie
554 3099 657 3140 laudatur
666 3100 740 3153 iaspis.

239 3168 298 3210 Nam
307 3170 379 3220 Virro,
392 3174 417 3210 ut
427 3167 500 3217 multi,
510 3177 606 3219 gemmas
614 3166 642 3206 ad
651 3166 730 3218 pocula
739 3165 842 3208 transfert

239 3238 261 3279 Α
272 3237 356 3291 digitis,
369 3247 425 3288 quas
435 3237 456 3275 in
467 3236 550 3285 saginae
560 3234 631 3275 lronte
641 3232 724 3273 solebat
