2284 3650
126 274 173 323 284
463 267 581 316 sanna
598 266 639 314 vt.

125 367 252 449 qu'irres
266 365 301 426 de
315 385 380 426 sons
399 362 554 436 eldeum,
576 360 680 421 faisant
700 361 780 423 soler
801 382 837 422 en
859 361 987 423 tourbil·

125 463 187 522 lons
217 460 294 521 lours
321 460 451 520 choreus
474 461 567 538 opera,
591 476 636 517 ces
661 457 798 517 Manades
824 454 986 536 invoquent

125 554 228 635 Priape
241 554 315 633 (tl).
330 552 394 613 Oh!
409 551 450 612 les
464 549 566 621 desim,
580 549 687 610 laseris
701 549 736 610 de
748 550 776 609 la
791 548 902 631 passion
914 549 988 609 bon·

124 647 250 708 dissante
261 649 268 705 l
281 646 363 726 queis
384 650 510 705 torrenta
522 643 631 704 vineux
652 642 818 704 ruissellent
836 664 888 703 sur·
905 643 988 705 leurs

121 740 251 818 jambos!
273 739 392 800 Sauidia
406 740 481 816 (55),
498 738 525 796 la
546 757 693 797 couronne
712 757 749 797 en
768 736 860 810 main,
882 756 987 816 provo·

125 853 183 915 que
197 832 233 893 de
253 832 324 894 viles
337 830 570 903 courtisanes,'et
584 839 732 910 remporte
750 831 777 891 le
791 828 856 911 prix
870 830 955 890 offert
967 831 985 890 5

125 926 152 986 la
166 924 313 986 lubricite.
325 927 351 984 Α
364 944 415 984 son
435 931 513 996 tour,
530 923 584 984 elle
603 923 676 984 raud
688 924 844 1003 hommage
861 944 918 984 aux
932 944 988 984 ar-

125 1018 212 1080 deurs
226 1018 263 1079 de
278 1015 448 1079 Modulline.
464 1015 541 1077 Colle
559 1016 611 1097 qui
624 1017 771 1098 triomphe
786 1026 829 1079 est
842 1021 942 1079 censae
956 1018 985 1078 la

124 1112 191 1193 plus
205 1112 302 1172 noble.
324 1115 364 1172 La
376 1111 441 1172 rien
462 1112 536 1173 n'est
557 1112 707 1174 foint21es
727 1114 866 1175 attitudes
885 1136 903 1194 p
919 1122 985 1175 sont

124 1204 214 1266 d'une
228 1207 319 1267 verite
333 1206 384 1287 qui
399 1205 613 1267 enflammerait
626 1207 653 1267 le
665 1206 752 1267 vieux
763 1207 861 1266 Priam
873 1216 901 1268 ei
914 1207 984 1267 l'in-

124 1303 208 1362 firme
222 1304 335 1362 Nestor.
356 1303 428 1381 dea
448 1301 488 1361 les
502 1300 593 1361 desirs
605 1303 711 1362 exaltes
725 1302 845 1362 veulant
858 1305 919 1361 otro
936 1322 983 1362 as·

124 1394 236 1467 souvis;
251 1395 315 1475 cloja
328 1396 441 1476 chaque
453 1396 561 1456 femme
575 1398 724 1456 reconnait
736 1396 842 1476 qu'elle
857 1415 893 1456 ne
909 1395 984 1457 tient

123 1489 234 1569 qn'une
251 1490 371 1561 femme,
385 1496 415 1550 et
429 1491 532 1550 l’antre
554 1489 675 1550 retentit
687 1489 723 1549 do
738 1509 784 1550 ces
801 1491 856 1549 oris
871 1487 985 1549 unani-

123 1602 185 1643 mes
197 1604 204 1643 :
218 1582 399 1644 lntroduisez
416 1583 457 1643 les
471 1582 606 1642 hommes
619 1583 694 1660 (56),
710 1583 738 1641 la
751 1582 848 1643 delesse
869 1584 896 1643 la
911 1603 984 1664 per-

122 1680 199 1737 met!
213 1679 280 1738 lion
291 1684 391 1737 amant
401 1676 466 1738 dort
479 1678 562 1754 (bill
572 1677 662 1756 qu'on
676 1677 810 1738 l'eaeille.
820 1677 905 1738 Point
918 1678 983 1738 d'a·

122 1774 221 1831 manti
238 1793 278 1832 un
301 1772 430 1832 esclave!
453 1769 539 1831 Point
560 1769 736 1832 d'esclavosi
755 1773 846 1853 qu'on
869 1772 983 1853 appollo

122 1886 163 1926 un
187 1875 308 1946 porteur
333 1865 440 1926 d'eau:
458 1867 539 1924 ason
554 1862 667 1938 desani,
684 1873 713 1925 et
735 1865 757 1924 si
783 1866 823 1925 les
848 1866 983 1927 hommes

227 2082 342 2129 Attonitae,
353 2080 478 2130 crinemque
490 2082 569 2126 rotant,
581 2079 710 2131 ululantque
722 2081 797 2134 Priapi

228 2147 346 2188 Marones.
356 2146 374 2186 O
384 2150 480 2197 quantus
491 2150 542 2187 tunc
553 2147 598 2187 illis
608 2148 718 2187 mentibus
727 2147 792 2188 ardor

227 2214 373 2255 Concubitus!
385 2225 434 2265 quae
444 2226 486 2255 vox
495 2214 585 2257 saliente
594 2216 695 2257 libidine!
707 2221 803 2268 quantus

227 2282 268 2322 Ille
277 2282 331 2321 meri
342 2282 422 2321 veteris
430 2293 468 2334 per
479 2293 542 2322 crura
554 2283 665 2323 madentia
675 2285 771 2324 torrens!

159 2351 200 2391 320
227 2349 337 2389 Iaenonum
348 2348 437 2388 ancillas
447 2349 518 2401 posita
528 2347 617 2402 Sauieja
626 2361 705 2390 corona

227 2416 343 2463 Provocat,
355 2421 377 2456 et
387 2415 446 2458 tollit
455 2415 570 2468 pendentis
581 2418 671 2469 praemia
680 2428 740 2457 conae
751 2430 757 2457 ε

226 2483 278 2535 Ipsa
288 2481 416 2523 Medullinae
427 2480 515 2522 frictum
527 2484 640 2523 crissantis
648 2483 733 2524 adorat.

226 2551 325 2591 Palmam
336 2551 393 2591 inter
404 2549 504 2590 dominas
513 2551 583 2591 virtus
594 2550 705 2591 natalibus
716 2555 797 2603 aequat.

226 2612 266 2658 Nil
277 2618 308 2658 ibi
319 2629 357 2670 per
366 2616 443 2657 ludum
454 2618 593 2658 simulabitur
599 2630 605 2668 ;
618 2620 691 2659 omnia
700 2617 753 2659 fient

159 2687 200 2728 825
227 2685 262 2726 nd
273 2696 356 2735 verum,
368 2685 447 2736 quibus
458 2683 543 2725 incendi
551 2685 599 2737 J'am
610 2684 703 2736 frigidus
714 2696 760 2725 sevo

225 2751 422 2793 Laomedontiades
431 2755 454 2793 et
465 2753 565 2795 Nestoris
574 2752 649 2793 hernia
660 2753 737 2805 possit.

225 2819 286 2860 Tunc
296 2820 384 2873 prurigo
394 2830 459 2860 moroe
471 2820 595 2872 impatiens.
607 2825 658 2860 tunc
668 2819 749 2860 femina
760 2820 861 2873 simplex,

225 2887 255 2928 Et
266 2890 313 2928 toto
324 2887 407 2939 pariter
415 2887 522 2938 repetitus
532 2887 615 2927 elamor
627 2887 654 2927 ab
665 2892 742 2928 antro:

226 2953 238 2993 l
242 2963 277 2993 am
287 2952 320 2993 ias
328 2956 370 3004 est,
381 2951 474 2994 admitte
484 2954 548 2995 viros.
560 2952 671 2995 Dormitat
683 2953 783 2995 adulteri

159 3020 199 3061 ³30
227 3019 270 3060 illa
275 3019 341 3071 iubet
351 3022 439 3071 sumpto
444 3020 547 3072 juvenem
555 3030 672 3072 properare
680 3019 776 3060 cucullo.

223 3084 246 3125 Si
255 3084 309 3124 nihil
319 3088 359 3133 est,
370 3085 437 3124 servis
447 3085 577 3135 incurritur;
587 3084 704 3126 abstuleris
714 3097 776 3139 spem

225 3150 347 3199 Servorum,
357 3151 430 3190 veniet
441 3150 562 3192 conductus
570 3153 688 3203 aquarlns:
699 3151 764 3192 hiasi

224 3214 342 3265 Quaeritur,
353 3219 376 3257 et
387 3214 467 3257 desunt
477 3218 575 3257 homines
581 3230 588 3266 ;
598 3228 659 3258 mora
669 3218 731 3259 nulla
739 3219 866 3272 peripsam,

224 3281 273 3330 Quo
285 3282 356 3321 minus
366 3282 468 3334 imposito
478 3282 563 3323 clunem
573 3282 690 3325 submittat
700 3283 775 3327 asello.
