2284 3650
479 190 596 239 satine
612 190 679 239 xiii.
960 196 1008 242 ste

147 289 279 360 scettmt,
299 307 356 347 aux
376 294 472 368 portes
484 286 520 347 de
541 286 569 346 ia
586 294 674 359 mort,
689 285 782 345 n-t-ii
794 285 822 347 ie
841 286 917 347 droit
930 287 1006 349 d'es-
1029 328 1035 337 ·

147 384 252 464 perer?
266 381 294 440 in
314 380 447 441 mnindre
461 380 578 440 victime
597 380 739 440 nest-elle
762 399 812 460 pus
833 380 898 460 pius
920 380 1007 461 digne

145 474 188 536 du
201 473 321 536 bienfait
335 474 371 535 de
380 476 408 534 ia
421 473 487 535 vie?

188 568 394 630 L'incertitude
409 576 438 628 et
447 569 474 630 te
487 567 597 649 vertige
609 568 709 629 iurent
723 570 856 648 toujcurs
870 569 1005 631 lecarac-

145 666 207 725 t‘cre
222 663 272 725 des
287 663 455 734 rne'chcnts3
476 662 511 722 iis
530 664 612 723 n‘nnt
634 663 670 724 de
686 663 808 725 fermete
828 665 918 744 qu'au
940 685 1005 726 mn·

144 766 227 819 ment
236 761 274 820 uir
284 758 320 818 iis
331 765 521 819 commetient
534 761 562 819 ie
572 756 664 817 crime
676 780 683 819 ι
696 756 773 817 est-ii
788 761 965 832 consumme,
978 759 1005 818 ln

143 850 308 912 conscience
323 851 447 933 reprend
461 871 505 911 ses
515 850 617 911 dreits.
633 850 825 911 Maisbientbt
835 850 1004 912 l'intlexibic

144 943 286 1006 habitude
300 947 342 1005 ies
355 948 472 1005 rumine
493 946 510 1004 ii
530 946 558 1004 ia
581 944 749 1026 perversite.
764 945 823 1019 Qui
838 954 885 1006 snt
898 945 1002 1026 jamnis

141 1038 361 1099 s’arrtterdans
383 1040 411 1099 ia
426 1037 569 1100 carriere‘?
588 1039 693 1113 Qnand
713 1039 812 1100 vit-on
832 1044 959 1102 renaitre
976 1040 1005 1101 ie

142 1132 259 1214 pudens
273 1155 324 1195 sur
339 1154 380 1194 un
394 1134 472 1194 frent
484 1132 625 1194 endurcit
635 1118 710 1207 Qnei
721 1135 841 1194 homme
854 1142 1001 1195 verres-tu

94 1295 102 1309 t
140 1226 203 1288 s'en
218 1227 294 1288 tenir
306 1230 322 1288 i
332 1250 383 1290 sun
396 1228 523 1309 premier
533 1228 651 1290 forfait?
664 1231 725 1290 Tou
738 1228 846 1309 perfide
860 1250 890 1290 se
905 1228 1003 1290 trahi-

140 1340 173 1382 ra
194 1321 358 1383 ini-meme.
375 1323 524 1382 Euchaine
544 1322 616 1383 dans
631 1344 672 1383 nn
696 1322 811 1383 sornhre
832 1324 945 1396 crichet,
962 1343 999 1383 cu
1085 1370 1089 1379 s
1111 1304 1120 1321 ’

141 1415 326 1494 rele'gue'sur
338 1416 464 1496 quelque
487 1417 590 1477 rocher
603 1415 639 1476 de
658 1412 687 1476 ia
707 1436 770 1475 mer
789 1406 878 1494 Egee‚
903 1415 1000 1493 se'jour

140 1505 190 1566 des
203 1506 307 1586 grands
318 1507 477 1581 crimineis‚
487 1515 520 1567 tu
528 1506 639 1587 jeuiras
653 1507 744 1566 deses
758 1506 856 1585 peines
870 1510 997 1579 ameres3

139 1608 180 1673 et,
193 1598 265 1660 dans
278 1601 305 1660 ia
316 1601 376 1681 joie
387 1601 423 1661 de
435 1609 485 1661 ton
497 1621 562 1661 ame
573 1599 756 1680 implacabie,
771 1606 802 1658 tu
812 1598 999 1660 conviendrns

140 1693 217 1755 enfin
229 1715 287 1776 que
301 1696 342 1755 ies
355 1694 443 1757 dicus
453 1715 490 1754 ne
501 1703 565 1755 sent
577 1693 607 1754 ni
621 1694 723 1754 sourds
737 1693 767 1754 ni
779 1694 996 1774 aveuglesttss).

245 1881 294 1921 Non
306 1880 395 1921 audent.
404 1880 463 1929 Quin
474 1883 532 1921 enim
539 1891 625 1934 sperare
636 1881 763 1923 nocentibus
773 1883 838 1933 egris

177 1946 217 1988 235
246 1947 393 1990 Concessum!
404 1947 438 1987 vel
449 1959 499 2000 qnae
506 1958 549 1989 non
558 1948 644 1999 dignior
652 1948 724 1990 hostia
735 1948 793 1988 vitai

271 2014 361 2055 Mobilis
370 2019 392 2056 et
402 2015 463 2055 varia
471 2019 503 2056 est
513 2013 581 2055 terme
590 2017 668 2054 natura
675 2014 790 2057 malornm.

242 2079 315 2128 Quum
326 2080 396 2121 scetus
405 2080 533 2130 admittunt,
546 2083 644 2133 superest
656 2081 777 2121 constantin
788 2093 793 2120 ι
804 2079 857 2132 quid
866 2079 899 2122 ias

243 2150 317 2199 Atque
325 2148 392 2197 netas,
404 2147 493 2189 tandem
503 2150 610 2200 incipiunt
619 2151 705 2198 sentire,
717 2149 809 2201 peractis

242 2216 381 2258 Criminibus.
392 2215 476 2257 Tamen
483 2216 510 2258 ad
523 2227 594 2257 mores
603 2220 680 2258 natura
690 2218 782 2258 recurrit

177 2284 217 2323 240
242 2282 368 2332 Damnat0s‚
381 2282 425 2323 tixa
433 2289 455 2325 et
465 2286 544 2325 mutari
555 2285 633 2325 nescia.
644 2284 702 2325 Nam
710 2286 758 2337 quis

243 2348 351 2392 Peccandi
363 2350 427 2391 finem
435 2353 507 2404 posuit
518 2352 572 2391 sibit
584 2351 670 2403 quando
680 2353 762 2404 recepit

242 2419 342 2471 Eiectum
352 2418 417 2459 semel
433 2420 509 2460 attrita
520 2418 547 2458 de
559 2417 628 2459 fronte
641 2419 753 2460 ruberent

164 2507 166 2511 .
240 2484 345 2532 Quisnam
355 2486 466 2528 bominum
474 2491 515 2533 est,
526 2497 592 2536 quem
603 2490 626 2527 tn
637 2490 763 2528 contentum
770 2485 851 2527 videris
861 2496 903 2526 unc

241 2553 347 2603 Flagitioi
362 2553 429 2594 Dabit
440 2555 461 2594 in
473 2554 575 2607 laqueum
586 2555 680 2607 vestigia
688 2559 761 2595 nester

173 2618 213 2660 245
241 2619 346 2667 Perfidus.
360 2624 382 2660 et
391 2622 446 2670 nigri
456 2621 553 2676 patietur
563 2622 655 2661 carceris
666 2630 754 2671 uncum,

240 2687 287 2728 Aut
297 2688 361 2727 maris
375 2688 443 2738 AEgaei
456 2699 539 2740 rupem,
551 2687 695 2740 scopulosque
706 2687 829 2738 trequentes

239 2753 358 2795 Exsulibus
367 2755 457 2804 magnis.
467 2753 535 2794 Poena
545 2753 651 2804 gaudebis
661 2765 733 2795 amara

241 2820 340 2860 Nominis
350 2822 420 2870 invisi,
430 2820 561 2872 tandemque
571 2820 666 2862 fatebere
675 2821 738 2862 laetus

241 2886 287 2926 Nec
297 2887 393 2937 surdum,
406 2899 445 2930 nec
452 2888 558 2930 Tiresiam
569 2901 701 2942 quemquam
711 2902 758 2932 esse
767 2890 864 2934 deorum.
