2284 3650
143 124 191 179 5111
477 122 594 174 steine
611 124 663 174 XV.

145 220 224 282 avoir
241 240 271 279 33
287 228 366 300 pert.
380 221 428 280 On
444 240 480 279 ne
499 240 605 298 sougeo
620 218 702 299 point
718 222 734 279 i
750 220 777 279 ie
793 220 867 280 fuine
886 220 1011 280 bouiilir

145 335 183 375 ou
195 314 282 385 sotim
300 315 327 373 13
337 322 455 394 133333,
473 322 538 394 trop
555 313 727 394 impatiente
743 334 818 394 pour
833 315 965 376 3113311133
980 317 1010 375 13

144 408 270 480 ouieson,
283 428 313 467 se
322 415 457 467 contente
470 407 542 466 d'un
555 406 674 466 cedevre
689 428 752 481 cru,
765 408 791 467 ie
806 428 930 487 mongee
941 416 1012 469 tout

15 506 21 513 '
74 506 76 511 ’
145 502 298 582 palpitent,
308 501 426 581 jusqu'it
440 522 546 580 renger
555 521 599 560 ses
612 522 653 562 os.
671 502 908 565 Hennensement
922 502 958 562 ils
970 524 1011 563 ue

145 594 284 657 1131333111
299 595 385 673 peste
398 595 446 653 133
462 598 609 674 seue'qne
624 596 798 655 Prome'the'e
810 596 917 655 derobo
933 595 970 656 de
980 597 1010 656 13

145 692 232 748 voute
248 689 297 748 des
311 688 395 748 oieux
408 710 487 768 pour
500 709 535 748 en
551 689 679 767 gnatifier
691 690 719 749 13
735 698 823 750 terre.
838 690 930 750 Nobie
951 691 1011 750 e'le'-

146 791 239 855 ment,
261 783 290 862 je
315 784 375 842 t’en
394 782 516 855 13113113,
538 791 569 854 31
584 783 613 863 je
633 783 717 857 crois,
732 785 881 859 Volusius,
901 805 959 866 que
974 793 1007 845 tu

146 879 205 937 t'en
217 877 325 957 rejouis
337 899 403 938 avoc
415 877 486 936 moi.
500 879 543 937 Ne
556 878 704 938 t'informe
716 878 798 959 point
807 879 829 938 si
836 880 867 939 'le
879 879 1011 959 premier

146 972 259 1032 somene
268 971 343 1031 ’31331
352 972 385 1030 'ia
398 971 467 1031 dent
483 979 536 1050 put
547 980 679 1031 eutemei·
691 992 723 1032 33
736 973 856 1032 oedavre
868 971 926 1051 psit
937 973 1010 1052 plai-

147 1064 213 1123 3133
229 1066 290 1125 s’en
307 1070 442 1144 repetire.
464 1065 502 1123 Co
519 1073 651 1133 munstre
670 1073 699 1125 et
719 1085 761 1125 ses
776 1066 930 1146 complices
943 1067 1010 1126 n'e'-

147 1162 323 1236 prouverent
335 1157 439 1236 jamnis
448 1157 487 1233 de
498 1158 647 1218 'sensation
663 1160 729 1239 plus
743 1160 913 1233 de'leoteble,
930 1161 1012 1241 puis·

147 1270 203 1328 qne
215 1251 241 1309 le
255 1251 371 1310 dernier
380 1251 431 1331 qui
446 1251 572 1324 survint,
591 1260 728 1312 trouvent
742 1254 770 1312 13
782 1252 901 1313 victime
912 1253 1011 1314 ahsor-

149 1342 213 1416 1113,
233 1345 268 1404 de
286 1365 329 1404 ses
346 1345 441 1424 doigts
455 1366 551 1426 presse
568 1347 595 1404 13
610 1355 702 1419 terre,
726 1346 838 1406 ufinde
857 1347 956 1407 ldoher
971 1368 1010 1408 au

149 1439 243 1498 moins
258 1440 398 1523 quelques
411 1447 525 1518 gouttes
538 1439 573 1499 de
586 1459 656 1518 song
669 1440 743 1518 (17).

189 1532 235 1592 On
247 1532 290 1592 dit
299 1554 356 1614 qne
366 1534 407 1593 133
419 1535 543 1593 Gescons
555 1554 585 1593 se
597 1533 763 1594 sentiment
778 1536 905 1615 quelque
914 1543 1015 1617 iemps

149 1629 165 1685 3
180 1626 264 1687 i'eide
279 1628 351 1687 d'un
367 1628 455 1708 pureii
471 1628 592 1688 eiim'ent
605 1630 667 1706 (18)
679 1651 686 1700 ;
700 1626 774 1687 meis
784 1628 811 1686 13
821 1627 1012 1707 conjonoture

149 1720 220 1780 dioit
235 1721 303 1781 bien
320 1722 483 1783 differente.
499 1725 539 1782 Le
553 1725 680 1782 Fortune
690 1722 813 1801 jeiouse,
825 1722 866 1798 133
878 1721 1012 1782 derniers

149 1816 298 1902 maiheurs
308 1817 343 1878 de
353 1817 380 1877 13
388 1838 504 1897 guerre,
521 1820 548 1877 13
558 1815 660 1878 11133113
675 1815 747 1875 d'un
761 1815 839 1895 siege
851 1815 1010 1896 opiniittro,

257 2011 335 2050 Frusta
347 2014 368 2050 31
378 2010 503 2062 partientes,
515 2015 540 2050 ut
550 2008 626 2049 multis
637 2014 736 2050 mortuus
745 2020 801 2049 unus

203 2078 230 2116 80
256 2076 379 2126 sufficeret,
391 2081 462 2118 totum
474 2078 566 2117 corrosis
577 2077 663 2117 ossibus
673 2076 720 2116 edit

256 2143 343 2185 Victrix
353 2145 416 2184 turba
424 2158 430 2193 ;
439 2155 478 2183 nec
489 2143 572 2183 ardenti
584 2143 672 2183 decoxit
683 2142 758 2192 aheno,

256 2213 303 2251 Aut
311 2213 404 2251 verubus
417 2225 422 2249 ι
434 2212 521 2260 longum
530 2222 599 2262 usque
611 2209 665 2250 adeo
677 2209 810 2261 tardumque
822 2209 908 2262 putavit

257 2279 388 2330 Exspectare
401 2277 466 2325 13333,
479 2281 582 2318 contenta
591 2276 696 2317 cadavere
708 2276 784 2317 crudo.

179 2386 181 2388 ,
257 2345 315 2384 Hinc
324 2342 419 2394 gaudere
430 2344 490 2391 libet,
501 2343 560 2395 quod
570 2354 614 2383 non
625 2342 738 2383 violaverit
750 2344 829 2394 ignem,

204 2414 230 2453 85
257 2411 327 2460 Quem
338 2422 423 2449 summu
434 2410 483 2451 eoeii
495 2415 582 2462 raptum
591 2410 619 2449 de
628 2413 691 2462 perte
705 2408 848 2450 Prometheus

256 2477 351 2518 Donavit
363 2478 433 2517 terris¹
445 2478 558 2516 Elemento
569 2476 672 2527 gratulor,
683 2480 705 2517 et
713 2479 735 2516 13

257 2546 374 2586 Exsultere
386 2557 433 2584 reor
439 2558 445 2594 3
456 2544 492 2583 sed
504 2546 542 2595 qui
552 2543 651 2584 mordere
661 2544 755 2584 cadaver

256 2613 372 2660 Sustinuit,
386 2612 440 2652 nihil
450 2622 546 2661 unquam
557 2612 599 2652 hee
609 2623 672 2651 cerne
680 2612 784 2652 libentius
794 2610 848 2651 edit.

257 2682 315 2720 Nem
327 2679 406 2720 sceiere
416 2680 438 2718 in
450 2682 546 2718 tanto-ne
557 2689 643 2729 queres
656 2682 678 2718 31
690 2678 784 2727 dubites
797 2689 823 2717 au

203 2749 230 2790 90
258 2748 332 2788 Prima
342 2746 476 2798 voluptatem
487 2745 539 2796 guia
549 2745 652 2795 senserit;
662 2745 753 2785 ultimus
765 2749 839 2785 nutem

257 2814 299 2864 Qui
311 2815 372 2855 stetit
384 2813 499 2865 absumpto
507 2812 554 2864 jam
565 2815 613 2852 toto
623 2824 720 2865 corpore,
731 2812 803 2853 ductis

257 2881 301 2922 Per
311 2886 389 2921 terram
402 2880 484 2930 digitis,
497 2879 580 2929 aliquid
593 2879 620 2919 de
631 2880 734 2928 sunguine
745 2883 827 2930 gustat.

283 2944 401 2994 viscones,
413 2951 438 2987 ut
449 2944 508 2987 ieme
517 2950 558 2995 331,
574 2945 683 2985 elimentis
695 2945 775 2986 talibus
784 2946 817 2985 usi

258 3014 383 3054 Produxere
394 3014 476 3052 enimes
487 3026 492 3052 τ
503 3012 541 3053 sed
550 3024 584 3052 res
594 3012 688 3061 diverse,
698 3012 736 3052 sed
745 3013 789 3052 11113

203 3082 230 3121 95
258 3078 360 3122 Fortun'oe
371 3078 452 3118 invidie
463 3084 503 3127 est,
516 3079 665 3130 bellorumque
676 3081 761 3130 uitima,
773 3090 837 3122 casus

190 3169 194 3174 ·
258 3146 366 3197 Extremi,
375 3145 444 3194 longe
453 3144 500 3185 dira
512 3146 630 3186 obsidionis
641 3152 733 3197 egestas.
