2284 3650
407 146 411 149 ι
448 184 564 236 smne
580 188 610 237 V.
913 196 946 242 ¹0

90 281 217 342 sinicien
228 280 283 361 qui
294 301 313 340 a
325 280 447 342 l'ereiile
456 281 515 342 fine
529 289 558 342 et
572 286 680 363 epuree
690 305 697 344 :
709 284 853 364 j'aeeorde
864 287 892 346 in
900 308 962 347 mn·

93 375 198 451 leuem
214 373 289 433 mais
303 374 363 434 ceci
378 395 386 434 ι
402 374 439 434 Je
456 376 501 435 vie
513 395 621 436 comme
627 378 666 457 je
677 397 763 450 vene,
778 380 904 459 rare-le.
920 414 961 429 -

101 468 249 547 Pourquni
266 488 306 527 ne
324 467 504 547 peurrais-je
516 490 577 548 pas,
596 470 700 550 depuis
713 493 769 551 que
783 473 810 532 ln
823 473 961 554 haguetie

99 560 138 620 dn
152 566 276 641 pre'ieur
289 561 351 620 rn'a
364 566 489 642 renvoye
504 567 609 625 mnitre
622 565 658 625 de
675 565 748 638 moi,
763 566 836 627 faire
851 574 960 629 ionice

97 674 153 735 que
164 655 195 733 je
209 675 302 727 veux,
322 659 440 735 excepte
456 676 487 717 ee
501 677 558 736 que
570 657 677 718 de'send
692 659 718 718 1ε
731 658 801 718 cede
815 659 961 720 (111111311-

99 747 177 807 rius?
192 782 237 794 -
257 739 372 808 Ecoute
386 770 393 808 :
409 748 482 808 mnis
504 750 597 810 tendis
617 771 676 831 que
695 751 832 832 j‘extirpe
852 751 887 813 de
911 762 961 814 ton

100 842 189 921 espnit
207 850 252 902 tes
262 838 411 922 'prejugis
429 843 465 902 de
476 842 580 904 ·rieille
601 846 726 918 femine,
742 866 819 906 cesse
841 853 884 907 tes
900 848 961 926 gni·

102 955 194 994 maces
209 954 402 1015 moqueuses‚
418 944 447 995 et
465 957 523 1016 que
542 945 593 997 ten
612 959 665 998 nez
683 939 781 999 irnnce'
800 940 961 1000 n'annonee

104 1027 166 1107 pins
182 1029 218 1089 de
240 1030 351 1089 coiere.
370 1030 410 1088 Le
429 1033 549 1108 pre'teur
563 1051 600 1091 ne
617 1041 732 1112 permet
750 1053 801 1113 pas
819 1053 875 1093 anx
896 1033 962 1093 sous

99 1121 194 1182 d’nser
205 1125 224 1181 e
237 1122 307 1181 leur
322 1125 372 1201 gre'
386 1120 422 1181 de
437 1130 512 1182 cette
524 1122 569 1184 vie
581 1128 743 1204 passagere.
760 1127 783 1184 11
799 1146 836 1186 ne
851 1127 962 1186 snurnit

98 1214 160 1275 ienr
174 1215 252 1275 seire
273 1217 424 1275 connaitre
438 1222 501 1276 tent
518 1215 554 1277 de
571 1216 684 1277 devoirs
697 1217 827 1279 de'iicats.
843 1223 889 1284 On
903 1239 962 1299 np-

96 1308 252 1387 prendrait
273 1310 371 1388 pluent
384 1310 402 1368 11
416 1329 457 1368 un
479 1312 580 1390 goujat
599 1310 723 1388 grossier·
741 1316 759 1372 ὲ
776 1313 863 1390 jener
877 1313 913 1374 de
931 1313 960 1377 Ιε

96 1402 168 1483 irre.
181 1405 225 1462 La
235 1401 335 1461 raison
348 1402 389 1482 s'y
402 1423 521 1483 oppese‚
537 1410 567 1463 et
579 1425 653 1464 nous
666 1404 709 1464 dit
723 1405 871 1466 il’oreille
885 1427 892 1465 ι
907 1427 922 1464 e
936 1408 960 1466 11

98 1518 116 1554 e
131 1517 168 1556 ne
192 1498 261 1556 saut
281 1515 333 1575 pas
350 1495 448 1556 laisser
465 1519 506 1556 un
523 1497 642 1559 homme
661 1500 734 1560 faire
752 1520 785 1560 ce
805 1499 879 1580 qu'ii
900 1501 962 1560 sera

102 1612 118 1646 ι
131 1589 202 1649 mal.
212 1610 232 1648 >r
242 1591 299 1648 Les
311 1588 537 1670 loispoliiiques‚
546 1612 659 1652 comme
667 1594 753 1653 celles
764 1591 799 1652 de
807 1593 835 1652 la
843 1600 959 1663 nature,

101 1681 960 1763 reuientquel’ignoraneeetiafaiblesses'intendisenicer-

103 1775 178 1835 inins
192 1783 278 1837 acies.
291 1776 337 1836 Tu
349 1774 462 1856 deleres
471 1776 506 1837 de
518 1777 665 1839 l'ellehore
680 1779 744 1857 (11)
758 1798 822 1838 sans
836 1798 873 1839 en
886 1798 962 1839 eon-

98 1873 193 1931 naitre
202 1872 231 1931 ia
245 1870 315 1930 dose
328 1872 334 1928 1
352 1870 428 1931 C'est
440 1891 471 1932 ce
486 1892 543 1952 que
557 1871 662 1932 de'fend
677 1872 743 1931 l'art
754 1871 790 1932 de
803 1871 914 1952 guerin.
929 1873 959 1932 Si

99 1986 137 2023 1111
154 1964 319 2025 laboureur
333 1983 369 2023 en
381 1967 496 2043 gnetres
510 1965 594 2037 esent,
610 1985 675 2025 sans
696 1968 844 2027 connnitre
863 1968 960 2027 meme

208 2130 298 2171 stoicus
306 2130 350 2178 hic,
361 2141 436 2170 aurem
446 2129 544 2170 mordaci
553 2130 612 2171 lotus
622 2137 691 2172 aceto.

208 2198 259 2237 Hoc
266 2196 375 2248 reliquum
384 2196 468 2248 accipio
474 2210 480 2245 ;
492 2196 544 2235 lieet
555 2195 618 2244 illud,
629 2201 651 2237 et
659 2201 687 2236 ut
697 2196 745 2237 volo
754 2198 815 2238 teile.

208 2284 236 2293 -
246 2262 351 2303 Vindicta
358 2266 475 2320 pestquam
483 2274 544 2302 mens
553 2274 566 2301 a
576 2270 667 2314 pretore
678 2265 764 2312 recessi,

206 2331 254 2371 Cur
264 2331 318 2370 mihi
327 2341 369 2369 non
379 2331 444 2370 liceat
452 2332 519 2383 jussit
529 2331 682 2383 quodcumque
691 2333 798 2380 voluntas,

148 2399 179 2439 ⁹0
208 2398 309 2449 Excepto
319 2396 400 2448 siquid
412 2396 496 2437 Masuri
507 2398 593 2438 rubrica
601 2401 697 2440 vetavit!

209 2484 236 2495 ·-
249 2463 327 2512 Diree5
337 2463 376 2503 sed
387 2464 420 2503 ira
430 2464 496 2505 eadat
503 2476 563 2512 naso,
573 2458 695 2517 rugosaque
703 2476 777 2510 unna,

207 2529 283 2577 Quum
294 2535 379 2570 veteres
389 2531 449 2569 aviae
457 2531 498 2571 tibi
509 2531 537 2571 de
546 2532 648 2583 pulmone
658 2532 745 2572 revello.

209 2596 263 2635 Non
272 2597 426 2648 praeterirent
435 2598 510 2638 sinitis
519 2597 571 2637 dare
581 2600 656 2638 tenuia
665 2609 736 2638 rerum

208 2662 295 2711 Officia,
307 2668 373 2713 atque
383 2674 446 2703 nsum
458 2663 540 2716 rapide
550 2665 675 2717 permittere
683 2665 741 2704 vira.

149 2737 180 2775 9⁵3
209 2733 340 2774 Sambueam
351 2735 416 2775 eitius
425 2736 495 2775 caloni
506 2737 615 2789 aptaveris
625 2736 678 2777 alto.

210 2801 261 2842 Stat
271 2807 346 2841 contra
356 2802 420 2851 ratio,
430 2806 453 2842 et
462 2810 568 2844 secretam
579 2805 654 2854 gannit
663 2805 684 2843 in
695 2815 776 2852 aurern,

211 2868 246 2907 Ne
257 2866 323 2907 licent
331 2867 402 2908 faeere
412 2868 443 2917 id,
453 2869 512 2920 quod
522 2872 571 2921 quie
583 2871 670 2910 vitiabit
681 2870 773 2922 agendo.

212 2934 306 2973 Publica
316 2934 351 2974 lex
360 2935 479 2984 hominum,
492 2940 613 2987 naturaque
622 2938 718 2979 continet
730 2939 771 2978 hoc
782 2939 823 2984 ins,

212 2997 245 3037 Ut
253 3002 325 3039 teneat
332 3002 411 3041 vetitos
419 3001 506 3042 inscitia
515 3001 594 3041 debilis
605 3007 674 3043 actus.

142 3068 184 3107 100
212 3065 286 3105 Diinie
296 3066 418 3116 elleborum,
428 3072 487 3107 certo
498 3079 632 3119 compescere
641 3076 723 3121 puncto

213 3130 306 3172 Nescius
313 3144 403 3173 examen
409 3147 416 3183 ;
426 3136 487 3173 vetat
495 3134 537 3173 hoe
547 3138 626 3174 natura
633 3135 742 3174 medendi.

211 3197 295 3237 Narem
305 3200 323 3238 ni
333 3202 409 3251 poseat
418 3200 459 3239 ribi
471 3203 588 3251 peronatus
598 3201 671 3238 arator
