2284 3650
182 145 228 191 ¹00
525 143 644 193 shrine
661 144 690 191 V.

181 247 274 318 gestes
287 247 386 300 vas-tn
402 260 475 300 nous
488 239 591 321 petria,
604 261 677 322 pour
692 240 772 301 avoir
781 240 882 301 besoin
891 241 1050 302 d'uncen2

181 333 263 414 tuple
277 332 387 413 gosieri
405 332 500 406 Qu’ils
517 333 619 394 aillent
632 334 740 394 humer
760 335 801 394 les
815 333 993 395 brouillards
1004 337 1048 396 de

181 428 334 501 l'llclicon‚
349 447 423 488 ceux
435 428 485 509 qui
499 429 594 490 visent
604 450 642 497 au
656 430 793 503 sublimo,
805 429 856 510 qui
870 430 933 490 font
944 429 1050 490 bonil-

181 520 218 580 lir
232 522 259 581 la
276 520 413 582 marmite
427 521 463 582 de
477 524 590 601 Progne
602 511 647 596 ,ou
666 523 702 584 de
722 524 858 604 Thyeste,
875 528 903 581 et
918 522 1047 582 venient

179 614 252 675 faire
258 622 492 696 soupersouvent
502 615 647 697 l'insiqiide
655 617 775 697 Glycon.
787 615 925 687 Pourtoi,
934 624 969 673 tu
978 617 1049 675 n'es

180 708 211 768 ni
224 710 250 770 lo
264 710 398 789 forgcron
413 708 465 790 qui
476 710 550 769 ensse
560 731 625 769 sans
638 711 753 770 rcldche
764 730 807 770 ses
818 709 947 769 soufflets
959 708 1050 769 hale-

179 809 256 861 tants
272 806 315 880 (5)
334 803 533 883 pendantque
555 804 655 883 rougit
677 803 703 863 lc
722 804 778 876 ser,
799 801 830 862 ni
852 803 880 862 la
900 802 1047 863 corneille

179 900 306 956 enronde
325 895 376 976 qui
396 917 550 956 murmure
572 905 742 976 grarernent
759 897 790 975 je
809 916 845 956 ne
865 895 921 955 sais
939 896 1047 975 quelle

178 989 288 1051 sottise.
302 991 346 1048 Tu
361 1010 398 1050 ne
410 991 518 1069 gonsses
528 1010 578 1071 pas
589 998 618 1049 ta
630 991 744 1050 boucha
753 991 790 1050 de
800 997 879 1061 rent,
892 1010 969 1070 pour
981 990 1046 1050 l'en

179 1081 251 1141 faire
270 1082 356 1142 sortir
369 1084 387 1142 ir
401 1083 493 1162 grand
507 1083 590 1143 bruil
605 1086 659 1161 (i).
680 1083 791 1164 Simple
803 1084 873 1143 dnns
888 1092 938 1142 ton
950 1085 1045 1164 style,

178 1196 235 1254 qne
248 1182 279 1234 tu
294 1196 378 1236 ornes
389 1196 458 1236 avec
473 1180 556 1255 gorii,
573 1186 606 1237 tu
621 1179 715 1258 parles
728 1179 1048 1257 sanseffort;tes1›or-

179 1267 261 1326 tra'rts
275 1267 338 1326 sont
354 1268 429 1348 prilir
446 1270 473 1329 le
493 1270 603 1342 crime;
623 1272 693 1331 c'est
711 1291 764 1351 par
779 1292 836 1331 une
851 1269 1046 1351 plaisanterie

178 1362 297 1421 decente
312 1383 370 1442 que
383 1370 415 1420 tu
425 1371 499 1423 mets
509 1364 535 1423 le
546 1364 626 1444 doigt
637 1385 687 1424 sur
698 1359 750 1424 nos'
759 1366 863 1425 fantes.
876 1365 1044 1427 Continue.

179 1454 274 1515 laisse
288 1457 305 1514 a
317 1457 435 1535 Mycena
450 1477 500 1516 son
513 1457 599 1517 teatin
612 1465 814 1528 monstrueux,
835 1466 864 1518 et
879 1465 953 1517 cette
965 1462 1044 1533 tete,

178 1555 207 1607 et
221 1568 267 1609 ces
281 1548 362 1630 pieds
375 1553 482 1629 coupe's
496 1571 503 1610 :
520 1550 638 1610 connais
652 1552 692 1611 les
703 1572 786 1632 repas
800 1551 840 1611 du
855 1550 1005 1632 pldbc'ien.

181 1710 191 1724 ⁵
547 1666 646 1704 Pansa.
800 1718 802 1723 ⁴

218 1739 294 1811 Non,
317 1737 347 1818 je
361 1758 398 1798 ne
414 1737 540 1798 chorche
560 1738 642 1818 point
657 1741 674 1798 a
688 1739 797 1817 gonsser
811 1759 872 1798 rncs
892 1757 982 1818 pagos
1001 1738 1046 1799 de

178 1852 350 1913 pompcuses
364 1832 500 1913 ineptias,
518 1835 536 1891 ia
555 1833 667 1892 donner
684 1834 725 1892 du
745 1832 826 1913 poids
842 1836 860 1893 a
880 1853 939 1893 une
951 1833 1045 1894 rnine

177 1925 275 1985 fumeo
285 1927 339 2002 (5).
353 1927 387 1984 lc
399 1925 480 1985 ricns
492 1934 520 1985 tc
536 1926 660 2005 parlari
674 1926 772 1986 l'dcart
785 1949 792 1987 ;
804 1947 853 1986 rna
866 1947 951 1987 muse
965 1937 1044 1987 vent

284 2092 374 2142 Ingeria,
386 2099 411 2132 ut
421 2104 460 2144 par
470 2094 499 2134 ait
510 2097 601 2133 centeno
612 2097 700 2145 gutture
710 2095 762 2134 uitii

283 2158 371 2198 Grande
381 2158 474 2198 locuturi
484 2160 574 2199 nebulas
584 2159 690 2200 Helicone
702 2160 797 2210 legunto,

283 2224 307 2264 Si
316 2226 396 2276 quibus
407 2229 445 2265 aut
457 2226 559 2276 Prognes,
573 2231 611 2266 aut
623 2227 641 2266 si
651 2228 731 2277 quihus
740 2226 784 2266 olla
794 2227 898 2279 Thyestae

285 2291 395 2348 Ferrebit,
408 2303 464 2343 saepe
475 2291 555 2331 insulso
564 2291 670 2332 coenanda
680 2292 780 2343 Glyconi.

231 2359 257 2398 10
284 2357 318 2398 Tu
328 2369 398 2409 neque
407 2357 526 2406 anhelanti,
537 2360 639 2409 coquitur
648 2358 701 2398 dum
711 2370 782 2398 massa
790 2360 883 2406 camino,

283 2424 345 2465 Folle
355 2426 435 2477 premia
443 2428 526 2474 ventos,
536 2436 577 2464 nec
586 2425 660 2465 clauso
668 2436 778 2465 murmure
788 2436 867 2465 raucus

283 2491 363 2531 Nescio
373 2491 426 2542 quid
434 2494 507 2531 tecum
515 2503 580 2542 grave
591 2493 708 2532 cornicaris
717 2493 797 2544 inepte,

282 2556 331 2598 Nec
341 2558 427 2610 atloppo
437 2556 532 2598 tumidas
543 2558 635 2598 intendis
645 2565 743 2611 rumpere
755 2560 843 2599 buccas.

281 2624 355 2666 Verba
365 2630 422 2676 togae
432 2625 534 2675 sequeris,
543 2625 649 2676 junctura
659 2625 753 2678 callidus
762 2627 813 2674 acri,

231 2692 257 2731 15
283 2691 325 2732 Ore
334 2693 388 2732 teris
397 2691 491 2741 modico,
502 2692 608 2744 pallentes
620 2692 696 2732 radere
705 2704 776 2732 mores

282 2757 373 2806 Doctus,
384 2763 406 2798 et
418 2759 511 2809 ingenuo
520 2758 608 2809 culpam
618 2757 712 2808 defigere
721 2759 781 2800 ludo.

281 2824 340 2864 Hinc
350 2824 413 2864 trahe
423 2836 472 2875 quae
481 2824 541 2865 dicas
547 2838 553 2875 ;
564 2835 692 2875 mensasque
702 2826 798 2877 relinque
808 2826 912 2878 Mycenis

282 2889 338 2930 Cum
347 2891 419 2942 capita
427 2895 450 2931 ct
459 2890 562 2943 pedihus5
577 2891 705 2942 plebeiaque
714 2891 806 2944 prandia
815 2895 881 2934 noris.

548 2969 656 3001 rensrus.

279 3022 330 3064 Non
339 3024 441 3076 equidem
451 3027 492 3067 hoc
502 3027 587 3074 studeo.
600 3027 689 3067 bullatis
697 3032 723 3068 ut
732 3029 785 3067 mihi
794 3029 859 3078 nugis

228 3091 256 3131 20
283 3089 366 3140 Pagina
374 3096 491 3142 turgescat,
502 3093 554 3133 dare
563 3092 649 3146 pondua
658 3093 736 3133 idonea
745 3093 812 3134 furno.

280 3153 362 3199 Sacrati
369 3157 487 3210 loquimur.
498 3160 549 3200 Tibi
557 3171 623 3213 nunc,
633 3160 734 3202 hortante
742 3172 839 3208 camena,
