<?xml version="1.0" encoding="UTF-8"?>
<!DOCTYPE html PUBLIC "-//W3C//DTD XHTML 1.0 Transitional//EN"
    "http://www.w3.org/TR/xhtml1/DTD/xhtml1-transitional.dtd">
<html xmlns="http://www.w3.org/1999/xhtml" xml:lang="en" lang="en">
 <head>
  <title>
</title>
<meta http-equiv="Content-Type" content="text/html;charset=utf-8" />
  <meta name='ocr-system' content='tesseract 3.04.00' />
  <meta name='ocr-capabilities' content='ocr_page ocr_carea ocr_par ocr_line ocrx_word'/>
</head>
<body>
  <div class='ocr_page' id='page_1' title='image "./persesatires00juvegoog_0267.png"; bbox 0 0 2284 3650; ppageno 0'>
   <div class='ocr_carea' id='block_1_1' title="bbox 495 182 976 234">
    <p class='ocr_par' dir='ltr' id='par_1_1' title="bbox 495 182 976 234">
     <span class='ocr_line' id='line_1_1' title="bbox 495 182 976 234; baseline 0.008 -4"><span class='ocrx_word' id='word_1_1' title='bbox 495 182 608 233; x_wconf 70' lang='lat' dir='ltr'><strong><em>Nouus.</em></strong></span> <span class='ocrx_word' id='word_1_2' title='bbox 934 185 976 234; x_wconf 73' lang='lat' dir='ltr'><strong><em>iai</em></strong></span> 
     </span>
    </p>
   </div>
   <div class='ocr_carea' id='block_1_2' title="bbox 119 277 983 1621">
    <p class='ocr_par' dir='ltr' id='par_1_2' title="bbox 119 277 983 928">
     <span class='ocr_line' id='line_1_2' title="bbox 122 277 980 354; baseline -0.001 -20"><span class='ocrx_word' id='word_1_3' title='bbox 122 286 200 346; x_wconf 75' lang='lat' dir='ltr'><strong><em>tinea,</em></strong></span> <span class='ocrx_word' id='word_1_4' title='bbox 215 290 262 335; x_wconf 84' lang='lat' dir='ltr'><strong><em>eto.</em></strong></span> <span class='ocrx_word' id='word_1_5' title='bbox 278 279 313 354; x_wconf 81' lang='lat' dir='ltr'><strong><em>[v.</em></strong></span> <span class='ocrx_word' id='word_1_6' title='bbox 328 279 386 353; x_wconf 87' lang='lat'>35.]</span> <span class='ocrx_word' id='word_1_7' title='bbox 408 277 694 334; x_wconf 81' lang='lat' dir='ltr'><strong><em>LesRomainstiraient</em></strong></span> <span class='ocrx_word' id='word_1_8' title='bbox 707 280 776 335; x_wconf 84' lang='lat' dir='ltr'>leurs</span> <span class='ocrx_word' id='word_1_9' title='bbox 788 281 980 336; x_wconf 79' lang='lat' dir='ltr'><strong><em>meilleursvius</em></strong></span> 
     </span>
     <span class='ocr_line' id='line_1_3' title="bbox 119 362 981 438; baseline 0 -20"><span class='ocrx_word' id='word_1_10' title='bbox 119 365 157 418; x_wconf 84' lang='lat' dir='ltr'><strong><em>&#39;de</em></strong></span> <span class='ocrx_word' id='word_1_11' title='bbox 171 365 196 418; x_wconf 85' lang='lat' dir='ltr'><strong><em>ia</em></strong></span> <span class='ocrx_word' id='word_1_12' title='bbox 210 363 361 437; x_wconf 83' lang='lat' dir='ltr'><strong><em>Campaaie,</em></strong></span> <span class='ocrx_word' id='word_1_13' title='bbox 374 363 539 437; x_wconf 74' lang='lat' dir='ltr'><strong><em>aujourd’hui</em></strong></span> <span class='ocrx_word' id='word_1_14' title='bbox 555 364 579 417; x_wconf 90' lang='lat' dir='ltr'><strong><em>la</em></strong></span> <span class='ocrx_word' id='word_1_15' title='bbox 595 362 674 418; x_wconf 83' lang='lat' dir='ltr'>Terre</span> <span class='ocrx_word' id='word_1_16' title='bbox 687 364 719 418; x_wconf 86' lang='lat' dir='ltr'><strong><em>do</em></strong></span> <span class='ocrx_word' id='word_1_17' title='bbox 733 363 847 432; x_wconf 84' lang='lat' dir='ltr'><strong><em>Lubour,</em></strong></span> <span class='ocrx_word' id='word_1_18' title='bbox 862 365 981 438; x_wconf 76' lang='lat' dir='ltr'>province</span> 
     </span>
     <span class='ocr_line' id='line_1_4' title="bbox 124 447 982 523; baseline -0.001 -20"><span class='ocrx_word' id='word_1_19' title='bbox 124 451 162 503; x_wconf 91' lang='lat' dir='ltr'><strong><em>du</em></strong></span> <span class='ocrx_word' id='word_1_20' title='bbox 180 469 298 523; x_wconf 64' lang='lat' dir='ltr'><strong><em>ropaame</em></strong></span> <span class='ocrx_word' id='word_1_21' title='bbox 316 451 348 504; x_wconf 90' lang='lat' dir='ltr'><strong><em>de</em></strong></span> <span class='ocrx_word' id='word_1_22' title='bbox 366 448 471 520; x_wconf 82' lang='lat' dir='ltr'><strong><em>Napies.</em></strong></span> <span class='ocrx_word' id='word_1_23' title='bbox 490 447 539 501; x_wconf 88' lang='lat' dir='ltr'><strong><em>Les</em></strong></span> <span class='ocrx_word' id='word_1_24' title='bbox 561 457 646 502; x_wconf 81' lang='lat' dir='ltr'><strong><em>autres</em></strong></span> <span class='ocrx_word' id='word_1_25' title='bbox 663 449 719 502; x_wconf 76' lang='lat' dir='ltr'><strong><em>vius</em></strong></span> <span class='ocrx_word' id='word_1_26' title='bbox 738 448 837 502; x_wconf 83' lang='lat' dir='ltr'><strong><em>d&#39;ltaiie</em></strong></span> <span class='ocrx_word' id='word_1_27' title='bbox 856 450 982 521; x_wconf 78' lang='lat' dir='ltr'><strong><em>a&#39;appro·</em></strong></span> 
     </span>
     <span class='ocr_line' id='line_1_5' title="bbox 125 532 982 606; baseline -0.001 -19"><span class='ocrx_word' id='word_1_28' title='bbox 125 534 225 587; x_wconf 82' lang='lat' dir='ltr'><strong><em>chaieot</em></strong></span> <span class='ocrx_word' id='word_1_29' title='bbox 244 535 314 606; x_wconf 87' lang='lat' dir='ltr'><strong><em>paint</em></strong></span> <span class='ocrx_word' id='word_1_30' title='bbox 333 535 364 588; x_wconf 89' lang='lat' dir='ltr'><strong><em>de</em></strong></span> <span class='ocrx_word' id='word_1_31' title='bbox 378 534 403 587; x_wconf 87' lang='lat' dir='ltr'><strong><em>ia</em></strong></span> <span class='ocrx_word' id='word_1_32' title='bbox 421 533 497 586; x_wconf 77' lang='lat' dir='ltr'><strong><em>haute</em></strong></span> <span class='ocrx_word' id='word_1_33' title='bbox 511 534 543 587; x_wconf 89' lang='lat' dir='ltr'><strong><em>de</em></strong></span> <span class='ocrx_word' id='word_1_34' title='bbox 558 552 599 588; x_wconf 82' lang='lat' dir='ltr'><strong><em>ces</em></strong></span> <span class='ocrx_word' id='word_1_35' title='bbox 614 534 739 588; x_wconf 86' lang='lat' dir='ltr'>derniers.</span> <span class='ocrx_word' id='word_1_36' title='bbox 757 532 907 606; x_wconf 84' lang='lat' dir='ltr'><strong><em>Cependant</em></strong></span> <span class='ocrx_word' id='word_1_37' title='bbox 919 552 982 587; x_wconf 80' lang='lat' dir='ltr'><strong><em>ceux</em></strong></span> 
     </span>
     <span class='ocr_line' id='line_1_6' title="bbox 123 616 982 686; baseline -0.002 -15"><span class='ocrx_word' id='word_1_38' title='bbox 123 617 231 684; x_wconf 84' lang='lat' dir='ltr'>d&#39;Albe,</span> <span class='ocrx_word' id='word_1_39' title='bbox 252 618 284 672; x_wconf 85' lang='lat' dir='ltr'><strong><em>de</em></strong></span> <span class='ocrx_word' id='word_1_40' title='bbox 305 618 419 686; x_wconf 67' lang='lat' dir='ltr'><strong><em>Setinis,</em></strong></span> <span class='ocrx_word' id='word_1_41' title='bbox 443 618 475 671; x_wconf 89' lang='lat' dir='ltr'><strong><em>de</em></strong></span> <span class='ocrx_word' id='word_1_42' title='bbox 491 616 630 684; x_wconf 81' lang='lat' dir='ltr'><strong><em>Gaurano,</em></strong></span> <span class='ocrx_word' id='word_1_43' title='bbox 646 619 677 672; x_wconf 85' lang='lat' dir='ltr'><strong><em>de</em></strong></span> <span class='ocrx_word' id='word_1_44' title='bbox 696 618 892 672; x_wconf 67' lang='lat' dir='ltr'><strong>Faustinianum</strong></span> <span class='ocrx_word' id='word_1_45' title='bbox 909 627 934 670; x_wconf 88' lang='lat' dir='ltr'><strong><em>et</em></strong></span> <span class='ocrx_word' id='word_1_46' title='bbox 950 616 982 670; x_wconf 88' lang='lat' dir='ltr'><strong><em>de</em></strong></span> 
     </span>
     <span class='ocr_line' id='line_1_7' title="bbox 123 701 983 774; baseline -0.003 -18"><span class='ocrx_word' id='word_1_47' title='bbox 123 701 258 769; x_wconf 77' lang='lat' dir='ltr'><strong><em>Sorrentn,</em></strong></span> <span class='ocrx_word' id='word_1_48' title='bbox 268 703 360 757; x_wconf 77' lang='lat' dir='ltr'><strong><em>etaient</em></strong></span> <span class='ocrx_word' id='word_1_49' title='bbox 375 704 426 756; x_wconf 81' lang='lat' dir='ltr'><strong><em>sort</em></strong></span> <span class='ocrx_word' id='word_1_50' title='bbox 440 703 593 756; x_wconf 70' lang='lat' dir='ltr'>recherches</span> <span class='ocrx_word' id='word_1_51' title='bbox 604 703 637 756; x_wconf 89' lang='lat' dir='ltr'><strong><em>du</em></strong></span> <span class='ocrx_word' id='word_1_52' title='bbox 651 711 732 774; x_wconf 86' lang='lat' dir='ltr'><strong><em>temps</em></strong></span> <span class='ocrx_word' id='word_1_53' title='bbox 742 703 773 756; x_wconf 91' lang='lat' dir='ltr'><strong><em>de</em></strong></span> <span class='ocrx_word' id='word_1_54' title='bbox 786 701 869 756; x_wconf 82' lang='lat' dir='ltr'><strong><em>Ptine.</em></strong></span> <span class='ocrx_word' id='word_1_55' title='bbox 882 701 983 755; x_wconf 81' lang='lat' dir='ltr'><strong><em>Murtial</em></strong></span> 
     </span>
     <span class='ocr_line' id='line_1_8' title="bbox 125 787 983 860; baseline -0.001 -20"><span class='ocrx_word' id='word_1_56' title='bbox 125 787 179 859; x_wconf 82' lang='lat' dir='ltr'><strong><em>(liv.</em></strong></span> <span class='ocrx_word' id='word_1_57' title='bbox 192 787 225 855; x_wconf 87' lang='lat' dir='ltr'><strong><em>X,</em></strong></span> <span class='ocrx_word' id='word_1_58' title='bbox 236 788 319 860; x_wconf 76' lang='lat' dir='ltr'><strong><em>epigr.</em></strong></span> <span class='ocrx_word' id='word_1_59' title='bbox 332 788 377 860; x_wconf 69' lang='lat'><strong><em>74)</em></strong></span> <span class='ocrx_word' id='word_1_60' title='bbox 389 787 490 860; x_wconf 78' lang='lat' dir='ltr'>appelle</span> <span class='ocrx_word' id='word_1_61' title='bbox 501 787 525 840; x_wconf 90' lang='lat' dir='ltr'><strong><em>ie</em></strong></span> <span class='ocrx_word' id='word_1_62' title='bbox 538 787 579 839; x_wconf 87' lang='lat' dir='ltr'><strong><em>via</em></strong></span> <span class='ocrx_word' id='word_1_63' title='bbox 592 787 624 841; x_wconf 92' lang='lat' dir='ltr'><strong><em>de</em></strong></span> <span class='ocrx_word' id='word_1_64' title='bbox 636 787 746 854; x_wconf 65' lang='lat' dir='ltr'><strong><em>suino,</em></strong></span> <span class='ocrx_word' id='word_1_65' title='bbox 754 793 894 843; x_wconf 78' lang='lat' dir='ltr'><strong><em>delicatam</em></strong></span> <span class='ocrx_word' id='word_1_66' title='bbox 902 803 983 841; x_wconf 86' lang='lat' dir='ltr'><strong><em>uuum</em></strong></span> 
     </span>
     <span class='ocr_line' id='line_1_9' title="bbox 124 877 289 928; baseline 0 -1"><span class='ocrx_word' id='word_1_67' title='bbox 124 877 208 928; x_wconf 81' lang='lat' dir='ltr'><strong><em>Setini</em></strong></span> <span class='ocrx_word' id='word_1_68' title='bbox 218 878 289 927; x_wconf 84' lang='lat' dir='ltr'><strong><em>cliui.</em></strong></span> 
     </span>
    </p>

    <p class='ocr_par' dir='ltr' id='par_1_3' title="bbox 121 955 983 1280">
     <span class='ocr_line' id='line_1_10' title="bbox 161 955 983 1031; baseline -0.004 -21"><span class='ocrx_word' id='word_1_69' title='bbox 161 957 216 1030; x_wconf 71' lang='lat'><strong>(12)</strong></span> <span class='ocrx_word' id='word_1_70' title='bbox 229 962 398 1011; x_wconf 79' lang='lat' dir='ltr'><strong><em>Hatvidiaset</em></strong></span> <span class='ocrx_word' id='word_1_71' title='bbox 412 963 549 1023; x_wconf 74' lang='lat' dir='ltr'><strong><em>Tiresiae,</em></strong></span> <span class='ocrx_word' id='word_1_72' title='bbox 560 967 608 1014; x_wconf 82' lang='lat' dir='ltr'><strong><em>ete.</em></strong></span> <span class='ocrx_word' id='word_1_73' title='bbox 626 957 662 1031; x_wconf 85' lang='lat' dir='ltr'><strong><em>[v.</em></strong></span> <span class='ocrx_word' id='word_1_74' title='bbox 676 956 734 1031; x_wconf 55' lang='grc' dir='ltr'><strong><em>δᾶ]</em></strong></span> <span class='ocrx_word' id='word_1_75' title='bbox 755 957 823 1011; x_wconf 86' lang='lat' dir='ltr'><strong><em>Tous</em></strong></span> <span class='ocrx_word' id='word_1_76' title='bbox 833 956 899 1010; x_wconf 83' lang='lat' dir='ltr'><strong><em>deux</em></strong></span> <span class='ocrx_word' id='word_1_77' title='bbox 905 955 983 1008; x_wconf 79' lang='lat' dir='ltr'>d&#39;une</span> 
     </span>
     <span class='ocr_line' id='line_1_11' title="bbox 122 1036 983 1112; baseline -0.006 -19"><span class='ocrx_word' id='word_1_78' title='bbox 122 1047 195 1093; x_wconf 80' lang='lat' dir='ltr'><strong><em>uertu</em></strong></span> <span class='ocrx_word' id='word_1_79' title='bbox 210 1039 288 1110; x_wconf 80' lang='lat' dir='ltr'>digne</span> <span class='ocrx_word' id='word_1_80' title='bbox 297 1039 342 1093; x_wconf 88' lang='lat' dir='ltr'><strong><em>des</em></strong></span> <span class='ocrx_word' id='word_1_81' title='bbox 357 1040 482 1111; x_wconf 81' lang='lat' dir='ltr'><strong><em>premiere</em></strong></span> <span class='ocrx_word' id='word_1_82' title='bbox 495 1048 577 1111; x_wconf 87' lang='lat' dir='ltr'><strong><em>temps</em></strong></span> <span class='ocrx_word' id='word_1_83' title='bbox 590 1038 621 1092; x_wconf 88' lang='lat' dir='ltr'><strong><em>de</em></strong></span> <span class='ocrx_word' id='word_1_84' title='bbox 635 1039 660 1092; x_wconf 85' lang='lat' dir='ltr'><strong><em>ia</em></strong></span> <span class='ocrx_word' id='word_1_85' title='bbox 674 1039 835 1112; x_wconf 80' lang='lat' dir='ltr'><strong><em>ra&#39;puhtique‚</em></strong></span> <span class='ocrx_word' id='word_1_86' title='bbox 852 1045 876 1091; x_wconf 88' lang='lat' dir='ltr'><strong><em>et</em></strong></span> <span class='ocrx_word' id='word_1_87' title='bbox 890 1036 983 1109; x_wconf 77' lang='lat' dir='ltr'><strong><em>grands</em></strong></span> 
     </span>
     <span class='ocr_line' id='line_1_12' title="bbox 123 1122 980 1196; baseline -0.001 -20"><span class='ocrx_word' id='word_1_88' title='bbox 123 1124 248 1196; x_wconf 81' lang='lat' dir='ltr'><strong><em>partisans</em></strong></span> <span class='ocrx_word' id='word_1_89' title='bbox 265 1124 297 1176; x_wconf 87' lang='lat' dir='ltr'><strong><em>de</em></strong></span> <span class='ocrx_word' id='word_1_90' title='bbox 313 1124 337 1177; x_wconf 87' lang='lat' dir='ltr'><strong><em>ia</em></strong></span> <span class='ocrx_word' id='word_1_91' title='bbox 352 1124 452 1177; x_wconf 73' lang='lat' dir='ltr'><strong><em>liberte.</em></strong></span> <span class='ocrx_word' id='word_1_92' title='bbox 471 1122 558 1177; x_wconf 87' lang='lat' dir='ltr'><strong><em>Ne&#39;ron</em></strong></span> <span class='ocrx_word' id='word_1_93' title='bbox 575 1125 603 1177; x_wconf 82' lang='lat' dir='ltr'><strong><em>tii</em></strong></span> <span class='ocrx_word' id='word_1_94' title='bbox 617 1126 717 1178; x_wconf 81' lang='lat' dir='ltr'><strong><em>mourir</em></strong></span> <span class='ocrx_word' id='word_1_95' title='bbox 736 1124 861 1179; x_wconf 73' lang='lat' dir='ltr'><strong><em>Thrasius</em></strong></span> <span class='ocrx_word' id='word_1_96' title='bbox 880 1122 980 1186; x_wconf 81' lang='lat' dir='ltr'><strong><em>Paetus,</em></strong></span> 
     </span>
     <span class='ocr_line' id='line_1_13' title="bbox 121 1207 738 1280; baseline 0.005 -19"><span class='ocrx_word' id='word_1_97' title='bbox 121 1216 147 1261; x_wconf 86' lang='lat' dir='ltr'><strong><em>et</em></strong></span> <span class='ocrx_word' id='word_1_98' title='bbox 161 1208 303 1263; x_wconf 79' lang='lat' dir='ltr'><strong><em>condemna</em></strong></span> <span class='ocrx_word' id='word_1_99' title='bbox 315 1227 360 1262; x_wconf 89' lang='lat' dir='ltr'><strong><em>son</em></strong></span> <span class='ocrx_word' id='word_1_100' title='bbox 374 1209 470 1280; x_wconf 81' lang='lat' dir='ltr'>geudre</span> <span class='ocrx_word' id='word_1_101' title='bbox 483 1207 617 1263; x_wconf 83' lang='lat' dir='ltr'><strong><em>Helvidius</em></strong></span> <span class='ocrx_word' id='word_1_102' title='bbox 631 1213 645 1262; x_wconf 74' lang='lat' dir='ltr'><strong><em>i</em></strong></span> <span class='ocrx_word' id='word_1_103' title='bbox 659 1209 738 1264; x_wconf 76' lang='lat' dir='ltr'><strong><em>texit.</em></strong></span> 
     </span>
    </p>

    <p class='ocr_par' dir='ltr' id='par_1_4' title="bbox 121 1291 982 1621">
     <span class='ocr_line' id='line_1_14' title="bbox 159 1291 979 1367; baseline -0.002 -20"><span class='ocrx_word' id='word_1_104' title='bbox 159 1293 213 1365; x_wconf 79' lang='lat'><strong>(13)</strong></span> <span class='ocrx_word' id='word_1_105' title='bbox 237 1299 273 1347; x_wconf 84' lang='lat' dir='ltr'><strong><em>Ta</em></strong></span> <span class='ocrx_word' id='word_1_106' title='bbox 288 1293 398 1347; x_wconf 82' lang='lat' dir='ltr'><strong><em>a&#39;aaras</em></strong></span> <span class='ocrx_word' id='word_1_107' title='bbox 409 1300 502 1360; x_wconf 83' lang='lat' dir='ltr'><strong><em>qa&#39;uuo</em></strong></span> <span class='ocrx_word' id='word_1_108' title='bbox 516 1297 612 1348; x_wconf 74' lang='lat' dir='ltr'><strong><em>taaeea&#39;a</em></strong></span> <span class='ocrx_word' id='word_1_109' title='bbox 622 1305 715 1360; x_wconf 73' lang='lat' dir='ltr'><strong><em>quatre</em></strong></span> <span class='ocrx_word' id='word_1_110' title='bbox 726 1302 791 1362; x_wconf 77' lang='lat' dir='ltr'>bees,</span> <span class='ocrx_word' id='word_1_111' title='bbox 806 1305 853 1349; x_wconf 86' lang='lat' dir='ltr'><strong><em>ete.</em></strong></span> <span class='ocrx_word' id='word_1_112' title='bbox 873 1293 908 1367; x_wconf 84' lang='lat' dir='ltr'><strong><em>[v.</em></strong></span> <span class='ocrx_word' id='word_1_113' title='bbox 921 1291 979 1366; x_wconf 61' lang='lat' dir='ltr'><strong><em>ii]</em></strong></span> 
     </span>
     <span class='ocr_line' id='line_1_15' title="bbox 122 1377 982 1453; baseline -0.001 -22"><span class='ocrx_word' id='word_1_114' title='bbox 122 1377 222 1431; x_wconf 77' lang='lat' dir='ltr'><strong><em>Martia}</em></strong></span> <span class='ocrx_word' id='word_1_115' title='bbox 234 1379 289 1450; x_wconf 81' lang='lat' dir='ltr'><strong><em>(liv.</em></strong></span> <span class='ocrx_word' id='word_1_116' title='bbox 302 1377 370 1446; x_wconf 79' lang='lat' dir='ltr'>xlv,</span> <span class='ocrx_word' id='word_1_117' title='bbox 387 1380 471 1451; x_wconf 77' lang='lat' dir='ltr'><strong><em>epigr.</em></strong></span> <span class='ocrx_word' id='word_1_118' title='bbox 487 1377 533 1451; x_wconf 82' lang='lat'><strong><em>69)</em></strong></span> <span class='ocrx_word' id='word_1_119' title='bbox 549 1379 621 1450; x_wconf 79' lang='lat' dir='ltr'><strong><em>pai-ie</em></strong></span> <span class='ocrx_word' id='word_1_120' title='bbox 636 1379 667 1434; x_wconf 87' lang='lat' dir='ltr'><strong><em>de</em></strong></span> <span class='ocrx_word' id='word_1_121' title='bbox 684 1399 724 1434; x_wconf 88' lang='lat' dir='ltr'><strong><em>ces</em></strong></span> <span class='ocrx_word' id='word_1_122' title='bbox 737 1385 837 1453; x_wconf 74' lang='lat' dir='ltr'><strong><em>especes</em></strong></span> <span class='ocrx_word' id='word_1_123' title='bbox 846 1379 877 1433; x_wconf 85' lang='lat' dir='ltr'><strong><em>de</em></strong></span> <span class='ocrx_word' id='word_1_124' title='bbox 889 1395 982 1450; x_wconf 89' lang='lat' dir='ltr'><strong><em>coupes</em></strong></span> 
     </span>
     <span class='ocr_line' id='line_1_16' title="bbox 121 1462 982 1530; baseline -0.003 -13"><span class='ocrx_word' id='word_1_125' title='bbox 121 1482 155 1517; x_wconf 93' lang='lat' dir='ltr'><strong><em>ou</em></strong></span> <span class='ocrx_word' id='word_1_126' title='bbox 168 1472 245 1517; x_wconf 82' lang='lat' dir='ltr'><strong><em>tusses</em></strong></span> <span class='ocrx_word' id='word_1_127' title='bbox 263 1464 325 1517; x_wconf 86' lang='lat' dir='ltr'><strong><em>dont</em></strong></span> <span class='ocrx_word' id='word_1_128' title='bbox 340 1462 472 1528; x_wconf 84' lang='lat' dir='ltr'><strong><em>Vatinius,</em></strong></span> <span class='ocrx_word' id='word_1_129' title='bbox 489 1463 644 1517; x_wconf 79' lang='lat' dir='ltr'><strong><em>cordouaier</em></strong></span> <span class='ocrx_word' id='word_1_130' title='bbox 661 1465 692 1518; x_wconf 89' lang='lat' dir='ltr'><strong><em>de</em></strong></span> <span class='ocrx_word' id='word_1_131' title='bbox 704 1464 847 1530; x_wconf 81' lang='lat' dir='ltr'><strong><em>Be‘ue&#39;vent,</em></strong></span> <span class='ocrx_word' id='word_1_132' title='bbox 865 1463 931 1516; x_wconf 80' lang='lat' dir='ltr'><strong><em>avait</em></strong></span> <span class='ocrx_word' id='word_1_133' title='bbox 943 1463 982 1515; x_wconf 76' lang='lat' dir='ltr'><strong><em>e&#39;te</em></strong></span> 
     </span>
     <span class='ocr_line' id='line_1_17' title="bbox 121 1547 655 1621; baseline 0.007 -21"><span class='ocrx_word' id='word_1_134' title='bbox 121 1547 284 1615; x_wconf 79' lang='lat' dir='ltr'><strong><em>i&#39;invenieur,</em></strong></span> <span class='ocrx_word' id='word_1_135' title='bbox 299 1549 375 1620; x_wconf 89' lang='lat' dir='ltr'><strong><em>etqui</em></strong></span> <span class='ocrx_word' id='word_1_136' title='bbox 388 1549 513 1621; x_wconf 81' lang='lat' dir='ltr'><strong><em>portoient</em></strong></span> <span class='ocrx_word' id='word_1_137' title='bbox 523 1568 568 1602; x_wconf 83' lang='lat' dir='ltr'><strong><em>soa</em></strong></span> <span class='ocrx_word' id='word_1_138' title='bbox 581 1568 655 1604; x_wconf 88' lang='lat' dir='ltr'><strong><em>nom:</em></strong></span> 
     </span>
    </p>
   </div>
   <div class='ocr_carea' id='block_1_3' title="bbox 229 1668 660 1788">
    <p class='ocr_par' dir='ltr' id='par_1_5' title="bbox 229 1668 660 1788">
     <span class='ocr_line' id='line_1_18' title="bbox 229 1668 660 1717; baseline -0.002 -10"><span class='ocrx_word' id='word_1_139' title='bbox 229 1669 280 1707; x_wconf 76' lang='lat' dir='ltr'><strong><em>Vitii</em></strong></span> <span class='ocrx_word' id='word_1_140' title='bbox 291 1669 362 1707; x_wconf 82' lang='lat' dir='ltr'><strong><em>autoris</em></strong></span> <span class='ocrx_word' id='word_1_141' title='bbox 372 1668 449 1707; x_wconf 69' lang='lat' dir='ltr'><strong><em>calicem</em></strong></span> <span class='ocrx_word' id='word_1_142' title='bbox 458 1673 579 1706; x_wconf 73' lang='lat' dir='ltr'><strong><em>monumenta</em></strong></span> <span class='ocrx_word' id='word_1_143' title='bbox 587 1668 660 1717; x_wconf 77' lang='lat' dir='ltr'><strong><em>Vatini,</em></strong></span> 
     </span>
     <span class='ocr_line' id='line_1_19' title="bbox 256 1734 628 1788; baseline -0.008 -12"><span class='ocrx_word' id='word_1_144' title='bbox 256 1736 340 1788; x_wconf 75' lang='lat' dir='ltr'><strong><em>Accipe3</em></strong></span> <span class='ocrx_word' id='word_1_145' title='bbox 351 1736 385 1775; x_wconf 79' lang='lat' dir='ltr'><strong><em>aed</em></strong></span> <span class='ocrx_word' id='word_1_146' title='bbox 395 1748 452 1775; x_wconf 74' lang='lat' dir='ltr'><strong><em>mue</em></strong></span> <span class='ocrx_word' id='word_1_147' title='bbox 461 1735 576 1787; x_wconf 77' lang='lat' dir='ltr'><strong><em>langiarilie</em></strong></span> <span class='ocrx_word' id='word_1_148' title='bbox 585 1734 628 1775; x_wconf 80' lang='lat' dir='ltr'><strong><em>inii.</em></strong></span> 
     </span>
    </p>
   </div>
   <div class='ocr_carea' id='block_1_4' title="bbox 122 1856 983 2524">
    <p class='ocr_par' dir='ltr' id='par_1_6' title="bbox 122 1856 983 2524">
     <span class='ocr_line' id='line_1_20' title="bbox 162 1856 979 1931; baseline -0.004 -21"><span class='ocrx_word' id='word_1_149' title='bbox 162 1856 216 1931; x_wconf 75' lang='lat' dir='ltr'><strong><em>(it)</em></strong></span> <span class='ocrx_word' id='word_1_150' title='bbox 237 1863 310 1913; x_wconf 72' lang='lat' dir='ltr'><strong><em>cetui</em></strong></span> <span class='ocrx_word' id='word_1_151' title='bbox 328 1864 374 1923; x_wconf 81' lang='lat' dir='ltr'><strong><em>qui</em></strong></span> <span class='ocrx_word' id='word_1_152' title='bbox 389 1876 461 1911; x_wconf 81' lang='lat' dir='ltr'><strong><em>uerso</em></strong></span> <span class='ocrx_word' id='word_1_153' title='bbox 476 1876 534 1911; x_wconf 79' lang='lat' dir='ltr'><strong><em>aux</em></strong></span> <span class='ocrx_word' id='word_1_154' title='bbox 548 1863 665 1911; x_wconf 81' lang='lat' dir='ltr'><strong><em>coauives</em></strong></span> <span class='ocrx_word' id='word_1_155' title='bbox 684 1862 751 1910; x_wconf 86' lang='lat' dir='ltr'><strong><em>l&#39;eau</em></strong></span> <span class='ocrx_word' id='word_1_156' title='bbox 766 1860 849 1922; x_wconf 75' lang='lat' dir='ltr'><strong><em>froido</em></strong></span> <span class='ocrx_word' id='word_1_157' title='bbox 866 1864 890 1908; x_wconf 87' lang='lat' dir='ltr'><strong><em>et</em></strong></span> <span class='ocrx_word' id='word_1_158' title='bbox 911 1860 979 1907; x_wconf 82' lang='lat' dir='ltr'><strong><em>t&#39;eaa</em></strong></span> 
     </span>
     <span class='ocr_line' id='line_1_21' title="bbox 124 1939 982 2016; baseline -0.005 -21"><span class='ocrx_word' id='word_1_159' title='bbox 124 1946 232 2009; x_wconf 74' lang='lat' dir='ltr'><strong><em>chuade,</em></strong></span> <span class='ocrx_word' id='word_1_160' title='bbox 249 1952 297 1997; x_wconf 70' lang='lat' dir='ltr'><strong><em>etc·</em></strong></span> <span class='ocrx_word' id='word_1_161' title='bbox 313 1941 347 2016; x_wconf 77' lang='lat' dir='ltr'><strong><em>[a.</em></strong></span> <span class='ocrx_word' id='word_1_162' title='bbox 362 1941 420 2015; x_wconf 72' lang='lat'><strong><em>63]</em></strong></span> <span class='ocrx_word' id='word_1_163' title='bbox 442 1940 561 2013; x_wconf 77' lang='lat' dir='ltr'><strong><em>Quoique</em></strong></span> <span class='ocrx_word' id='word_1_164' title='bbox 576 1941 613 1994; x_wconf 88' lang='lat' dir='ltr'><strong><em>ies</em></strong></span> <span class='ocrx_word' id='word_1_165' title='bbox 625 1940 745 2009; x_wconf 41' lang='lat' dir='ltr'><strong><em>esclave&amp;</em></strong></span> <span class='ocrx_word' id='word_1_166' title='bbox 756 1944 770 1993; x_wconf 79' lang='lat' dir='ltr'><strong><em>i</em></strong></span> <span class='ocrx_word' id='word_1_167' title='bbox 782 1939 873 2006; x_wconf 84' lang='lat' dir='ltr'>Rome,</span> <span class='ocrx_word' id='word_1_168' title='bbox 886 1939 982 1992; x_wconf 75' lang='lat' dir='ltr'><strong><em>fussent</em></strong></span> 
     </span>
     <span class='ocr_line' id='line_1_22' title="bbox 124 2024 982 2098; baseline -0.003 -19"><span class='ocrx_word' id='word_1_169' title='bbox 124 2033 182 2079; x_wconf 84' lang='lat' dir='ltr'><strong><em>tous</em></strong></span> <span class='ocrx_word' id='word_1_170' title='bbox 199 2025 230 2079; x_wconf 89' lang='lat' dir='ltr'><strong><em>de</em></strong></span> <span class='ocrx_word' id='word_1_171' title='bbox 245 2030 327 2081; x_wconf 74' lang='lat' dir='ltr'><strong><em>anime</em></strong></span> <span class='ocrx_word' id='word_1_172' title='bbox 345 2026 494 2093; x_wconf 70' lang='lat' dir='ltr'><strong>condition,</strong></span> <span class='ocrx_word' id='word_1_173' title='bbox 513 2045 546 2080; x_wconf 85' lang='lat' dir='ltr'><strong><em>on</em></strong></span> <span class='ocrx_word' id='word_1_174' title='bbox 561 2026 598 2080; x_wconf 88' lang='lat' dir='ltr'><strong><em>les</em></strong></span> <span class='ocrx_word' id='word_1_175' title='bbox 611 2026 763 2097; x_wconf 80' lang='lat' dir='ltr'><strong><em>distinguait</em></strong></span> <span class='ocrx_word' id='word_1_176' title='bbox 778 2024 920 2098; x_wconf 84' lang='lat' dir='ltr'><strong><em>cependuat</em></strong></span> <span class='ocrx_word' id='word_1_177' title='bbox 935 2042 982 2097; x_wconf 87' lang='lat' dir='ltr'><strong><em>par</em></strong></span> 
     </span>
     <span class='ocr_line' id='line_1_23' title="bbox 124 2109 981 2183; baseline 0.001 -19"><span class='ocrx_word' id='word_1_178' title='bbox 124 2109 258 2165; x_wconf 72' lang='lat' dir='ltr'><strong><em>differente</em></strong></span> <span class='ocrx_word' id='word_1_179' title='bbox 272 2112 357 2179; x_wconf 85' lang='lat' dir='ltr'><strong><em>titres,</em></strong></span> <span class='ocrx_word' id='word_1_180' title='bbox 373 2111 435 2166; x_wconf 84' lang='lat' dir='ltr'><strong><em>dont</em></strong></span> <span class='ocrx_word' id='word_1_181' title='bbox 449 2110 645 2165; x_wconf 79' lang='lat' dir='ltr'><strong><em>l&#39;a&#39;nume&#39;raiiou</em></strong></span> <span class='ocrx_word' id='word_1_182' title='bbox 660 2110 737 2165; x_wconf 80' lang='lat' dir='ltr'><strong><em>seruit</em></strong></span> <span class='ocrx_word' id='word_1_183' title='bbox 749 2110 781 2164; x_wconf 87' lang='lat' dir='ltr'><strong><em>ici</em></strong></span> <span class='ocrx_word' id='word_1_184' title='bbox 799 2119 856 2183; x_wconf 81' lang='lat' dir='ltr'><strong><em>trop</em></strong></span> <span class='ocrx_word' id='word_1_185' title='bbox 872 2110 981 2181; x_wconf 81' lang='lat' dir='ltr'><strong><em>longae:</em></strong></span> 
     </span>
     <span class='ocr_line' id='line_1_24' title="bbox 124 2193 982 2269; baseline -0.002 -20"><span class='ocrx_word' id='word_1_186' title='bbox 124 2213 159 2248; x_wconf 89' lang='lat' dir='ltr'><strong><em>on</em></strong></span> <span class='ocrx_word' id='word_1_187' title='bbox 168 2195 226 2249; x_wconf 81' lang='lat' dir='ltr'><strong><em>leur</em></strong></span> <span class='ocrx_word' id='word_1_188' title='bbox 238 2195 343 2249; x_wconf 82' lang='lat' dir='ltr'><strong><em>donauit</em></strong></span> <span class='ocrx_word' id='word_1_189' title='bbox 357 2196 401 2249; x_wconf 84' lang='lat' dir='ltr'><strong><em>des</em></strong></span> <span class='ocrx_word' id='word_1_190' title='bbox 414 2215 486 2249; x_wconf 90' lang='lat' dir='ltr'><strong><em>noms</em></strong></span> <span class='ocrx_word' id='word_1_191' title='bbox 497 2196 592 2250; x_wconf 83' lang='lat' dir='ltr'><strong><em>relatiis</em></strong></span> <span class='ocrx_word' id='word_1_192' title='bbox 603 2197 692 2251; x_wconf 79' lang='lat' dir='ltr'><strong><em>ileurs</em></strong></span> <span class='ocrx_word' id='word_1_193' title='bbox 701 2195 819 2269; x_wconf 85' lang='lat' dir='ltr'><strong><em>emplois.</em></strong></span> <span class='ocrx_word' id='word_1_194' title='bbox 831 2193 880 2248; x_wconf 88' lang='lat' dir='ltr'><strong><em>Les</em></strong></span> <span class='ocrx_word' id='word_1_195' title='bbox 887 2194 982 2248; x_wconf 81' lang='lat' dir='ltr'><strong><em>e&#39;chan·</em></strong></span> 
     </span>
     <span class='ocr_line' id='line_1_25' title="bbox 124 2279 983 2353; baseline 0.002 -22"><span class='ocrx_word' id='word_1_196' title='bbox 124 2297 195 2345; x_wconf 87' lang='lat' dir='ltr'><strong><em>sons,</em></strong></span> <span class='ocrx_word' id='word_1_197' title='bbox 210 2297 273 2333; x_wconf 80' lang='lat' dir='ltr'><strong><em>ceux</em></strong></span> <span class='ocrx_word' id='word_1_198' title='bbox 283 2281 326 2352; x_wconf 82' lang='lat' dir='ltr'><strong><em>qui</em></strong></span> <span class='ocrx_word' id='word_1_199' title='bbox 337 2280 462 2334; x_wconf 84' lang='lat' dir='ltr'><strong><em>versaieni</em></strong></span> <span class='ocrx_word' id='word_1_200' title='bbox 473 2284 487 2332; x_wconf 82' lang='lat' dir='ltr'><strong><em>i</em></strong></span> <span class='ocrx_word' id='word_1_201' title='bbox 497 2279 578 2348; x_wconf 86' lang='lat' dir='ltr'>boire,</span> <span class='ocrx_word' id='word_1_202' title='bbox 590 2280 936 2353; x_wconf 78' lang='lat' dir='ltr'><strong><em>s&#39;appelaientpocitlatores‚</em></strong></span> <span class='ocrx_word' id='word_1_203' title='bbox 948 2285 983 2333; x_wconf 81' lang='lat' dir='ltr'><strong><em>ad</em></strong></span> 
     </span>
     <span class='ocr_line' id='line_1_26' title="bbox 122 2362 982 2438; baseline 0.001 -22"><span class='ocrx_word' id='word_1_204' title='bbox 122 2369 241 2430; x_wconf 75' lang='lat' dir='ltr'><strong><em>cyathos,</em></strong></span> <span class='ocrx_word' id='word_1_205' title='bbox 258 2372 282 2418; x_wconf 91' lang='lat' dir='ltr'><strong><em>et</em></strong></span> <span class='ocrx_word' id='word_1_206' title='bbox 293 2371 509 2419; x_wconf 74' lang='lat' dir='ltr'><strong><em>ministratorios.</em></strong></span> <span class='ocrx_word' id='word_1_207' title='bbox 529 2363 569 2418; x_wconf 86' lang='lat' dir='ltr'><strong><em>On</em></strong></span> <span class='ocrx_word' id='word_1_208' title='bbox 588 2374 649 2438; x_wconf 86' lang='lat' dir='ltr'><strong><em>peut</em></strong></span> <span class='ocrx_word' id='word_1_209' title='bbox 664 2365 718 2420; x_wconf 81' lang='lat' dir='ltr'><strong><em>voit</em></strong></span> <span class='ocrx_word' id='word_1_210' title='bbox 736 2365 798 2419; x_wconf 84' lang='lat' dir='ltr'><strong><em>dans</em></strong></span> <span class='ocrx_word' id='word_1_211' title='bbox 817 2364 889 2419; x_wconf 85' lang='lat' dir='ltr'><strong><em>Juste</em></strong></span> <span class='ocrx_word' id='word_1_212' title='bbox 904 2362 982 2436; x_wconf 81' lang='lat' dir='ltr'><strong><em>Lipse</em></strong></span> 
     </span>
     <span class='ocr_line' id='line_1_27' title="bbox 124 2447 983 2524; baseline -0.001 -22"><span class='ocrx_word' id='word_1_213' title='bbox 124 2449 230 2520; x_wconf 72' lang='lat' dir='ltr'><strong><em>(Elect,</em></strong></span> <span class='ocrx_word' id='word_1_214' title='bbox 249 2447 293 2503; x_wconf 85' lang='lat' dir='ltr'><strong><em>liv.</em></strong></span> <span class='ocrx_word' id='word_1_215' title='bbox 305 2449 327 2517; x_wconf 90' lang='lat' dir='ltr'><strong><em>l,</em></strong></span> <span class='ocrx_word' id='word_1_216' title='bbox 345 2449 421 2523; x_wconf 80' lang='lat' dir='ltr'>chop.</span> <span class='ocrx_word' id='word_1_217' title='bbox 436 2449 463 2524; x_wconf 69' lang='lat' dir='ltr'><strong><em>i)</em></strong></span> <span class='ocrx_word' id='word_1_218' title='bbox 480 2469 530 2523; x_wconf 85' lang='lat' dir='ltr'><strong><em>que</em></strong></span> <span class='ocrx_word' id='word_1_219' title='bbox 547 2451 584 2505; x_wconf 86' lang='lat' dir='ltr'><strong><em>les</em></strong></span> <span class='ocrx_word' id='word_1_220' title='bbox 602 2453 703 2506; x_wconf 78' lang='lat' dir='ltr'><strong><em>enciens</em></strong></span> <span class='ocrx_word' id='word_1_221' title='bbox 718 2451 836 2505; x_wconf 85' lang='lat' dir='ltr'><strong><em>aimaient</em></strong></span> <span class='ocrx_word' id='word_1_222' title='bbox 850 2449 983 2520; x_wconf 86' lang='lat' dir='ltr'><strong><em>beaucoup</em></strong></span> 
     </span>
    </p>
   </div>
   <div class='ocr_carea' id='block_1_5' title="bbox 123 2532 983 2694">
    <p class='ocr_par' dir='ltr' id='par_1_7' title="bbox 123 2532 983 2694">
     <span class='ocr_line' id='line_1_28' title="bbox 123 2532 983 2609; baseline 0.001 -24"><span class='ocrx_word' id='word_1_223' title='bbox 123 2532 190 2586; x_wconf 79' lang='lat' dir='ltr'><strong><em>l&#39;eau</em></strong></span> <span class='ocrx_word' id='word_1_224' title='bbox 200 2532 309 2606; x_wconf 84' lang='lat' dir='ltr'><strong><em>chaude,</em></strong></span> <span class='ocrx_word' id='word_1_225' title='bbox 322 2542 348 2588; x_wconf 90' lang='lat' dir='ltr'><strong><em>et</em></strong></span> <span class='ocrx_word' id='word_1_226' title='bbox 362 2534 439 2606; x_wconf 86' lang='lat' dir='ltr'><strong><em>qu&#39;ils</em></strong></span> <span class='ocrx_word' id='word_1_227' title='bbox 455 2536 514 2589; x_wconf 82' lang='lat' dir='ltr'>n&#39;en</span> <span class='ocrx_word' id='word_1_228' title='bbox 529 2535 647 2589; x_wconf 84' lang='lat' dir='ltr'><strong><em>iuiseieni</em></strong></span> <span class='ocrx_word' id='word_1_229' title='bbox 663 2555 708 2609; x_wconf 85' lang='lat' dir='ltr'><strong><em>pas</em></strong></span> <span class='ocrx_word' id='word_1_230' title='bbox 719 2535 802 2589; x_wconf 85' lang='lat' dir='ltr'><strong><em>moins</em></strong></span> <span class='ocrx_word' id='word_1_231' title='bbox 816 2533 920 2604; x_wconf 80' lang='lat' dir='ltr'><strong><em>d&#39;usage</em></strong></span> <span class='ocrx_word' id='word_1_232' title='bbox 932 2550 983 2605; x_wconf 90' lang='lat' dir='ltr'><strong><em>que</em></strong></span> 
     </span>
     <span class='ocr_line' id='line_1_29' title="bbox 124 2616 980 2694; baseline 0.002 -24"><span class='ocrx_word' id='word_1_233' title='bbox 124 2616 157 2671; x_wconf 87' lang='lat' dir='ltr'><strong><em>de</em></strong></span> <span class='ocrx_word' id='word_1_234' title='bbox 170 2617 195 2671; x_wconf 91' lang='lat' dir='ltr'><strong><em>la</em></strong></span> <span class='ocrx_word' id='word_1_235' title='bbox 206 2617 300 2687; x_wconf 80' lang='lat' dir='ltr'><strong><em>froide,</em></strong></span> <span class='ocrx_word' id='word_1_236' title='bbox 310 2638 408 2674; x_wconf 87' lang='lat' dir='ltr'>comme</span> <span class='ocrx_word' id='word_1_237' title='bbox 420 2639 455 2674; x_wconf 92' lang='lat' dir='ltr'><strong><em>ou</em></strong></span> <span class='ocrx_word' id='word_1_238' title='bbox 465 2620 489 2675; x_wconf 88' lang='lat' dir='ltr'><strong><em>le</em></strong></span> <span class='ocrx_word' id='word_1_239' title='bbox 502 2621 709 2694; x_wconf 82' lang='lat' dir='ltr'><strong><em>remarquedans</em></strong></span> <span class='ocrx_word' id='word_1_240' title='bbox 717 2639 745 2674; x_wconf 88' lang='lat' dir='ltr'><strong><em>ce</em></strong></span> <span class='ocrx_word' id='word_1_241' title='bbox 753 2637 809 2673; x_wconf 83' lang='lat' dir='ltr'>vers</span> <span class='ocrx_word' id='word_1_242' title='bbox 821 2618 852 2672; x_wconf 86' lang='lat' dir='ltr'><strong><em>de</em></strong></span> <span class='ocrx_word' id='word_1_243' title='bbox 864 2617 980 2672; x_wconf 81' lang='lat' dir='ltr'><strong><em>Martiul:</em></strong></span> 
     </span>
    </p>
   </div>
   <div class='ocr_carea' id='block_1_6' title="bbox 231 2751 700 2806">
    <p class='ocr_par' dir='ltr' id='par_1_8' title="bbox 231 2751 700 2806">
     <span class='ocr_line' id='line_1_30' title="bbox 231 2751 700 2806; baseline 0.006 -16"><span class='ocrx_word' id='word_1_244' title='bbox 231 2751 310 2803; x_wconf 73' lang='lat' dir='ltr'><strong><em>Frigida</em></strong></span> <span class='ocrx_word' id='word_1_245' title='bbox 319 2765 358 2792; x_wconf 86' lang='lat' dir='ltr'><strong><em>auu</em></strong></span> <span class='ocrx_word' id='word_1_246' title='bbox 368 2752 425 2800; x_wconf 71' lang='lat' dir='ltr'><strong><em>desit,</em></strong></span> <span class='ocrx_word' id='word_1_247' title='bbox 434 2766 473 2793; x_wconf 86' lang='lat' dir='ltr'><strong><em>nou</em></strong></span> <span class='ocrx_word' id='word_1_248' title='bbox 482 2753 544 2794; x_wconf 79' lang='lat' dir='ltr'><strong><em>deerit</em></strong></span> <span class='ocrx_word' id='word_1_249' title='bbox 553 2753 608 2793; x_wconf 70' lang='lat' dir='ltr'><strong><em>auda</em></strong></span> <span class='ocrx_word' id='word_1_250' title='bbox 618 2752 700 2806; x_wconf 74' lang='lat' dir='ltr'><strong><em>patenti.</em></strong></span> 
     </span>
    </p>
   </div>
   <div class='ocr_carea' id='block_1_7' title="bbox 123 2872 994 3285">
    <p class='ocr_par' dir='ltr' id='par_1_9' title="bbox 123 2872 994 3203">
     <span class='ocr_line' id='line_1_31' title="bbox 164 2872 994 2948; baseline 0 -22"><span class='ocrx_word' id='word_1_251' title='bbox 164 2872 217 2945; x_wconf 76' lang='lat'><strong><em>(15)</em></strong></span> <span class='ocrx_word' id='word_1_252' title='bbox 227 2879 353 2942; x_wconf 73' lang='lat' dir='ltr'><strong><em>Jeqraoia</em></strong></span> <span class='ocrx_word' id='word_1_253' title='bbox 368 2885 425 2931; x_wconf 81' lang='lat' dir='ltr'><strong><em>iant</em></strong></span> <span class='ocrx_word' id='word_1_254' title='bbox 441 2884 471 2932; x_wconf 81' lang='lat' dir='ltr'><strong><em>da</em></strong></span> <span class='ocrx_word' id='word_1_255' title='bbox 484 2881 533 2944; x_wconf 71' lang='lat' dir='ltr'><strong><em>fois</em></strong></span> <span class='ocrx_word' id='word_1_256' title='bbox 555 2883 591 2931; x_wconf 77' lang='lat' dir='ltr'><strong><em>leo</em></strong></span> <span class='ocrx_word' id='word_1_257' title='bbox 603 2880 698 2943; x_wconf 74' lang='lat' dir='ltr'><strong><em>froides</em></strong></span> <span class='ocrx_word' id='word_1_258' title='bbox 711 2881 851 2942; x_wconf 76' lang='lat' dir='ltr'><strong><em>Esquilias.</em></strong></span> <span class='ocrx_word' id='word_1_259' title='bbox 872 2874 907 2948; x_wconf 75' lang='grc' dir='ltr'><strong><em>[ν.</em></strong></span> <span class='ocrx_word' id='word_1_260' title='bbox 922 2873 994 2946; x_wconf 82' lang='lat'><strong>77.]·</strong></span> 
     </span>
     <span class='ocr_line' id='line_1_32' title="bbox 124 2956 982 3033; baseline -0.001 -21"><span class='ocrx_word' id='word_1_261' title='bbox 124 2956 162 3012; x_wconf 82' lang='lat' dir='ltr'><strong><em>Le</em></strong></span> <span class='ocrx_word' id='word_1_262' title='bbox 180 2967 251 3013; x_wconf 88' lang='lat' dir='ltr'><strong><em>mont</em></strong></span> <span class='ocrx_word' id='word_1_263' title='bbox 271 2957 390 3032; x_wconf 81' lang='lat' dir='ltr'><strong><em>Esquilio</em></strong></span> <span class='ocrx_word' id='word_1_264' title='bbox 406 2969 443 3015; x_wconf 82' lang='lat' dir='ltr'><strong><em>est</em></strong></span> <span class='ocrx_word' id='word_1_265' title='bbox 462 2980 513 3015; x_wconf 88' lang='lat' dir='ltr'><strong><em>uae</em></strong></span> <span class='ocrx_word' id='word_1_266' title='bbox 531 2962 576 3015; x_wconf 86' lang='lat' dir='ltr'><strong><em>des</em></strong></span> <span class='ocrx_word' id='word_1_267' title='bbox 596 2968 652 3033; x_wconf 86' lang='lat' dir='ltr'><strong><em>sept</em></strong></span> <span class='ocrx_word' id='word_1_268' title='bbox 671 2960 775 3014; x_wconf 83' lang='lat' dir='ltr'><strong><em>coltines</em></strong></span> <span class='ocrx_word' id='word_1_269' title='bbox 792 2959 824 3013; x_wconf 87' lang='lat' dir='ltr'><strong><em>do</em></strong></span> <span class='ocrx_word' id='word_1_270' title='bbox 840 2958 982 3012; x_wconf 83' lang='lat' dir='ltr'><strong><em>l’aucienue</em></strong></span> 
     </span>
     <span class='ocr_line' id='line_1_33' title="bbox 124 3040 981 3118; baseline 0 -23"><span class='ocrx_word' id='word_1_271' title='bbox 124 3040 221 3111; x_wconf 84' lang='lat' dir='ltr'>Rome;</span> <span class='ocrx_word' id='word_1_272' title='bbox 243 3044 304 3097; x_wconf 87' lang='lat' dir='ltr'>c&#39;est</span> <span class='ocrx_word' id='word_1_273' title='bbox 327 3045 493 3118; x_wconf 77' lang='lat' dir='ltr'><strong><em>aujourd&#39;iiui</em></strong></span> <span class='ocrx_word' id='word_1_274' title='bbox 515 3045 539 3099; x_wconf 90' lang='lat' dir='ltr'><strong><em>le</em></strong></span> <span class='ocrx_word' id='word_1_275' title='bbox 560 3044 674 3117; x_wconf 77' lang='lat' dir='ltr'><strong><em>quaa-tier</em></strong></span> <span class='ocrx_word' id='word_1_276' title='bbox 693 3044 724 3098; x_wconf 91' lang='lat' dir='ltr'><strong><em>de</em></strong></span> <span class='ocrx_word' id='word_1_277' title='bbox 749 3044 774 3098; x_wconf 87' lang='lat' dir='ltr'><strong><em>la</em></strong></span> <span class='ocrx_word' id='word_1_278' title='bbox 794 3050 930 3113; x_wconf 80' lang='lat' dir='ltr'><strong><em>montagne</em></strong></span> <span class='ocrx_word' id='word_1_279' title='bbox 949 3042 981 3095; x_wconf 88' lang='lat' dir='ltr'><strong><em>de</em></strong></span> 
     </span>
     <span class='ocr_line' id='line_1_34' title="bbox 123 3125 451 3203; baseline 0.006 -21"><span class='ocrx_word' id='word_1_280' title='bbox 123 3125 451 3203; x_wconf 80' lang='lat' dir='ltr'><strong><em>Sainte-Marie-Mujoure.</em></strong></span> 
     </span>
    </p>

    <p class='ocr_par' dir='ltr' id='par_1_10' title="bbox 164 3207 978 3285">
     <span class='ocr_line' id='line_1_35' title="bbox 164 3207 978 3285; baseline -0.007 -18"><span class='ocrx_word' id='word_1_281' title='bbox 164 3211 218 3285; x_wconf 80' lang='lat'>(16)</span> <span class='ocrx_word' id='word_1_282' title='bbox 232 3217 333 3269; x_wconf 81' lang='lat' dir='ltr'><strong><em>Comme</em></strong></span> <span class='ocrx_word' id='word_1_283' title='bbox 341 3233 373 3270; x_wconf 79' lang='lat' dir='ltr'><strong><em>aa</em></strong></span> <span class='ocrx_word' id='word_1_284' title='bbox 383 3233 461 3281; x_wconf 80' lang='lat' dir='ltr'><strong><em>queue</em></strong></span> <span class='ocrx_word' id='word_1_285' title='bbox 470 3220 560 3271; x_wconf 73' lang='lat' dir='ltr'><strong><em>scoiola</em></strong></span> <span class='ocrx_word' id='word_1_286' title='bbox 569 3231 684 3283; x_wconf 69' lang='lat' dir='ltr'><strong><em>oarpaer</em></strong></span> <span class='ocrx_word' id='word_1_287' title='bbox 692 3219 727 3269; x_wconf 77' lang='lat' dir='ltr'><strong><em>lea</em></strong></span> <span class='ocrx_word' id='word_1_288' title='bbox 737 3218 862 3267; x_wconf 79' lang='lat' dir='ltr'><strong><em>coaoiaes.</em></strong></span> <span class='ocrx_word' id='word_1_289' title='bbox 876 3209 910 3282; x_wconf 77' lang='lat' dir='ltr'><strong><em>[v.</em></strong></span> <span class='ocrx_word' id='word_1_290' title='bbox 920 3207 978 3279; x_wconf 70' lang='lat'><strong><em>82]</em></strong></span> 
     </span>
    </p>
   </div>
   <div class='ocr_carea' id='block_1_8' title="bbox 0 0 1147 3650">
    <p class='ocr_par' dir='ltr' id='par_1_11' title="bbox 0 0 1147 3650">
     <span class='ocr_line' id='line_1_36' title="bbox 0 0 1147 3650; baseline 0 0"><span class='ocrx_word' id='word_1_291' title='bbox 0 0 1147 3650; x_wconf 95' lang='lat' dir='ltr'><strong><em> </em></strong></span> 
     </span>
    </p>
   </div>
  </div>
 </body>
</html>
