2284 3650
476 117 593 171 stituit
610 122 663 170 Vll.
957 126 1005 173 333

142 217 356 296 lrOErrhatld)
378 238 415 277 ne
436 217 579 278 ravissent
600 224 683 277 notre
708 237 773 277 ame
797 217 946 298 incapable
969 219 1005 280 de

144 313 248 373 suffire
259 312 360 372 bdeux
372 311 467 372 soins‘i
477 312 555 373 Celle
567 312 639 371 d’uu
651 318 734 392 poete
749 332 765 370 a
779 312 878 372 besoin
893 313 928 374 de
942 321 1006 374 tout

145 429 201 469 son
219 429 317 468 essor:
337 409 365 467 la
383 407 494 467 craiute
514 407 550 467 de
566 428 708 488 menquer
721 407 793 466 d'un
812 407 894 467 habit
908 429 1005 470 amor·

146 501 228 565 tirait
242 522 291 561 son
313 504 373 574 seu,
391 501 488 583 quand
507 501 533 561 it.
546 501 630 581 s'agit
644 500 680 561 de
694 501 767 574 mir,
783 499 819 561 de
832 501 951 581 peindre
966 502 1005 563 les

144 596 247 668 dieux,
259 596 337 656 leurs
348 597 431 657 chors
446 605 474 656 et
487 597 565 656 leurs
577 595 730 669 coursiers‚
744 616 781 655 ou
796 596 865 655 bien
882 588 1005 678 Erinnys

146 690 285 750 soulllant
301 710 338 749 au
356 689 418 750 sein
435 689 471 750 de
487 692 604 750 Turnus
618 690 645 750 le
659 690 768 768 vertige
790 697 820 749 et
838 690 865 749 le
879 698 1003 753 terreur,

144 782 269 863 Virgile‚
284 804 349 843 sans
361 784 470 844 esclave
484 794 514 843 et
528 785 586 842 mal
603 784 680 863 loge,
697 784 780 843 n'erit
796 802 846 863 pas
861 785 1005 847 entortilld

144 877 327 958 detserpents
344 878 385 937 les
396 877 473 937 erius
489 877 524 938 de
544 898 576 937 sa
596 877 684 938 Furie
699 898 705 938 :
723 898 754 937 ce
769 885 896 939 monstre
910 878 1006 939 inler-

145 973 196 1031 nal
211 971 337 1032 u'auruit
349 971 431 1052 point
443 972 496 1031 leit
511 971 604 1051 gemir
615 993 664 1031 son
677 972 799 1032 funebre
813 980 923 1033 cornet.
939 974 1004 1033 llu-

145 1065 469 1127 brdnus'ettoindra-tdl
484 1067 512 1125 la
522 1067 649 1127 hauteur
662 1068 701 1127 du
714 1067 857 1127 cotliurne
871 1067 1003 1149 antique,

146 1160 192 1220 lui
205 1160 256 1241 qui
268 1162 312 1221 lut
325 1160 447 1221 re'duitd
463 1168 568 1222 mettre
579 1182 616 1221 en
626 1181 698 1241 gage
706 1181 757 1221 son
769 1160 803 1219 lit
818 1168 846 1220 et
858 1181 910 1221 son
924 1181 1007 1222 man·

146 1262 228 1326 teau,
248 1255 340 1315 tendis
357 1255 426 1335 qu'il
444 1255 603 1335 composuit
622 1277 672 1315 son
686 1257 793 1316 Atrde‘l
810 1257 947 1317 Numitor
959 1257 1006 1316 fut

146 1354 213 1428 trop
226 1367 332 1429 pauvre
346 1369 420 1430 pour
431 1348 510 1408 uider
520 1369 561 1408 un
571 1348 647 1421 ami3
662 1348 682 1408 il
691 1349 737 1408 fut
749 1368 825 1409 assez
840 1348 920 1409 riche
931 1371 1006 1430 pour

144 1442 259 1503 donner
268 1444 285 1502 t
295 1444 322 1502 la
335 1442 498 1503 courtisane
513 1442 673 1515 Quintilio
688 1462 763 1522 pour
776 1442 892 1502 ueheter
904 1462 935 1502 ce
945 1442 1005 1502 lion

146 1535 270 1617 domptd
282 1536 354 1618 qu'il
364 1536 479 1596 nourrit
491 1536 527 1597 de
541 1536 668 1596 riandes.
687 1539 739 1596 Les
753 1535 898 1597 entruilles
916 1536 1005 1596 d'une

147 1628 214 1690 bete
229 1631 321 1691 lerose
341 1637 406 1690 sont
426 1650 463 1692 eu
478 1630 548 1690 ellet
564 1628 659 1689 moins
677 1629 846 1689 de'vorautes
866 1636 895 1688 et
912 1630 1006 1689 moins

146 1722 364 1804 dispeudieuses
378 1744 435 1804 que
450 1724 535 1785 celles
546 1722 618 1783 d'un
630 1726 725 1804 poeto.

190 1819 252 1890 Que
270 1815 379 1880 Luoain
394 1818 494 1880 dorme
511 1816 631 1880 rassasie
649 1817 685 1879 de
702 1817 791 1897 gleire
803 1815 873 1878 dans
885 1837 928 1879 ses
940 1816 1006 1898 jar-

147 1910 214 1972 dins
236 1913 391 1994 superbes3
415 1912 629 1994 qu'imported
652 1914 805 1986 Serranus,
832 1931 870 1972 au
898 1931 1006 1994 paurre

255 2081 350 2134 Vexent,
361 2085 384 2122 et
394 2082 486 2122 dominis
496 2082 579 2122 Cirrhae
591 2082 700 2133 Nysaeque
711 2080 810 2122 feruntur

203 2151 230 2190 65
257 2150 349 2191 Pectora
361 2154 434 2190 nostra
444 2149 499 2189 duas
509 2160 552 2189 non
563 2148 703 2190 admittentia
714 2151 791 2190 curari

258 2218 344 2270 Magnae
355 2218 433 2261 mentis
443 2228 505 2270 opus,
515 2228 554 2257 nee
563 2217 591 2256 de
601 2217 671 2258 lodice
681 2215 778 2270 paranda

256 2286 369 2338 Attonitae,
380 2295 463 2334 currus,
475 2289 497 2325 et
508 2295 584 2336 equos,
596 2283 705 2333 faciesque
715 2283 804 2324 deorum

257 2352 386 2405 delenirem,
398 2356 420 2392 et
429 2350 500 2401 qualis
512 2350 618 2391 Rutulum
628 2349 746 2391 confundat
757 2350 857 2401 Erinnys.

256 2420 313 2459 Nam
324 2420 342 2459 si
350 2418 444 2469 Virgilio
453 2428 515 2472 puer,
526 2423 548 2459 et
558 2416 671 2458 tolerabile
681 2415 764 2456 deesset

203 2488 230 2527 70
257 2486 392 2538 Hospit'nm‚
405 2484 507 2525 caderent
516 2496 590 2525 omnes
600 2496 613 2524 a
624 2483 719 2524 crinibus
729 2482 805 2534 hydri;

257 2551 328 2593 Surda
338 2551 391 2591 nihil
402 2556 496 2603 gemeret
507 2564 570 2603 grave
581 2554 681 2593 buccina.
694 2551 807 2591 Poscimus
815 2552 841 2591 ut
852 2550 880 2591 sit

258 2622 308 2662 Non
319 2622 388 2661 minor
399 2623 489 2671 antiquo
502 2621 615 2661 Rubrenus
627 2620 701 2673 Lappa
711 2618 823 2667 cothurno,

257 2687 326 2740 Cujus
335 2692 357 2728 et
367 2687 469 2739 alveolos,
480 2692 503 2729 et
512 2687 590 2729 laenam
599 2689 697 2740 pignerat
706 2686 798 2726 Atreus!

258 2758 308 2798 Non
317 2757 384 2798 habet
395 2756 469 2797 infelix
481 2757 584 2798 Numitor
594 2754 652 2809 quod
664 2757 739 2795 mittat
749 2756 830 2804 amie0;

202 2825 230 2863 75
256 2823 367 2872 Quintiliae
377 2824 436 2876 quod
448 2824 513 2866 donet
523 2825 590 2867 habet
598 2839 603 2864 τ
612 2835 651 2865 nec
661 2821 731 2863 deluit
743 2822 781 2871 iili,

257 2891 321 2931 Unde
334 2895 415 2932 emeret
427 2892 496 2932 multa
506 2891 638 2944 pascendum
649 2901 712 2931 carne
722 2889 805 2929 leonem

258 2957 308 2998 Jam
319 2958 434 2999 domitum.
445 2957 535 2999 Constat
546 2958 622 2998 leviori
631 2957 703 2998 bellua
711 2963 800 3010 sumptu

258 3026 375 3077 Nimirum,
387 3030 409 3066 et
421 3027 510 3078 capiunt
520 3025 568 3079 plus
580 3027 681 3066 intestina
692 3028 769 3077 poetae.

285 3093 406 3134 Contentus
417 3091 475 3133 lama
482 3092 556 3144 iaceat
566 3090 666 3133 Lucanus
677 3094 698 3132 in
708 3092 777 3133 hortis

204 3159 232 3200 80
259 3157 395 3212 Marmoreis,
408 3165 430 3201 at
439 3159 530 3200 Serrano
541 3161 644 3211 tenuique
653 3159 725 3200 Saleio
