2284 3650
151 172 198 218 592
489 165 608 215 suune
625 164 668 212 lx,

149 286 202 346 pur
211 264 239 323 la
247 264 422 323 vehemente
434 270 463 322 et
474 260 631 321 i'urbanite
643 259 679 320 de
693 267 735 319 tes
749 258 854 319 saillies
863 261 917 338 (d).
935 261 1021 323 C'est

151 362 167 418 t
182 362 297 438 present
310 364 374 416 tout
383 356 409 415 le
422 355 565 415 contraire
581 376 587 414 :
606 362 655 414 ton
670 353 767 432 visege
778 361 820 413 est
832 374 953 426 morne;
969 363 1021 416 tes

149 452 278 511 eirereux
293 459 356 508 sont
368 448 460 508 arides
479 456 508 508 et
527 447 585 506 mal
600 447 734 527 peignes3
753 454 782 505 ta
793 466 867 526 penu
885 448 935 507 u'e
946 448 1020 527 plus

150 545 277 604 reteniat
290 542 330 602 dri
345 564 401 602 oux
410 541 589 601 baudelettes
601 540 637 600 de
650 559 766 618 gemme
775 538 935 599 hrutienne
947 543 995 619 (5)
1008 564 1016 602 :

149 638 221 696 mais
243 645 285 697 tes
302 635 415 715 jambos
434 633 536 694 livides
549 655 579 693 se
593 641 733 693 eouvrent
753 633 825 692 d'un
845 632 904 713 poii
917 633 1016 714 epuiS.

150 731 253 803 Queile
274 730 439 809 meigreur!
456 730 499 787 Un
518 727 630 786 malado
649 747 684 786 en
704 726 784 807 proie
806 729 900 787 {tune
921 728 1018 790 fievre

148 821 250 904 quarte
266 823 412 883 inveteree
425 823 500 881 n'est
514 841 563 901 pas
578 821 643 901 pius
656 820 754 880 defait.
772 822 811 879 Le
822 840 904 900 corps
918 821 1019 883 trahit

148 921 250 989 l'ume;
266 919 287 978 il
309 940 345 979 en
360 919 511 977 manifeste
529 917 556 975 la
568 916 627 995 joie
646 937 685 976 ou
707 917 748 976 les
769 916 923 995 chagrins;
939 924 970 977 et
986 919 1019 981 lu

147 1016 207 1074 face
227 1014 314 1073 ostie
333 1012 530 1072 miroirfideie
553 1012 589 1070 de
610 1019 685 1071 cette
706 1010 886 1071 alternative.
906 1011 1015 1086 Ainsi,

149 1108 285 1178 Nevoius,
300 1113 362 1164 tout
375 1125 503 1164 ennonee
518 1125 575 1184 que
592 1094 756 1184 tesprojets
775 1111 804 1163 et
822 1112 851 1162 ta
861 1103 907 1163 vie
921 1125 1016 1163 mar-

146 1200 233 1259 ehent
248 1219 284 1257 en
299 1219 362 1258 sens
376 1198 531 1258 contraires
542 1220 549 1268 ;
561 1219 621 1270 ear,
632 1198 662 1276 je
672 1202 751 1257 m'en
762 1196 907 1270 sermione,
922 1197 1014 1258 adui-

146 1295 206 1350 tere
222 1292 286 1371 pius
298 1293 414 1350 fameux
426 1290 613 1371 qu'Auiidius
622 1292 676 1369 (6),
691 1297 722 1348 tu
735 1289 863 1374 souiiieis
877 1293 1009 1369 unguere

147 1386 187 1444 ies
209 1385 330 1466 tompies
350 1385 445 1459 disis,
467 1386 502 1444 de
525 1384 642 1464 Jupiter
656 1392 686 1445 et
707 1383 742 1443 de
765 1384 792 1443 la
814 1383 957 1462 patrm:
975 1393 1012 1445 tu

148 1479 275 1539 souiiiais
293 1500 395 1540 encore
414 1480 564 1559 (jusqu'oir
584 1478 625 1537 ies
647 1480 769 1538 femmes
790 1498 827 1538 ne
846 1498 875 1537 se
898 1477 1013 1558 prosti-

147 1574 318 1634 tuent-eiles
335 1575 421 1654 past)
436 1582 465 1632 et
479 1574 505 1632 ie
525 1573 634 1652 temple
647 1572 682 1631 de
698 1572 794 1645 Ce'r‘eS,
813 1578 842 1630 et
856 1572 947 1631 l'osile
961 1592 1010 1631 se-

146 1677 206 1728 cret
229 1668 265 1728 de
287 1668 315 1727 la
343 1670 420 1727 Mero
448 1667 497 1726 des
521 1666 627 1738 dieux,
659 1669 839 1746 transporte'e
864 1665 934 1724 dans
956 1686 1011 1726 nos

148 1782 228 1820 murs
241 1764 302 1841 (8);
317 1770 345 1821 et
364 1782 396 1821 ce
407 1782 463 1842 que
476 1768 508 1820 tu
520 1761 658 1820 n'evoues
668 1760 761 1842 point,
776 1768 809 1819 tu
821 1759 955 1820 eourhais
966 1761 1008 1821 les

147 1857 233 1916 maris
245 1860 440 1917 eux-memes.

186 1951 327 2011 ‘divorum
345 1948 493 2008 Piusieurs
514 1955 566 2008 ont
591 1947 646 2007 tiro
668 1946 741 2027 parti
762 1947 798 2008 de
819 1969 852 2008 ee
867 1968 955 2028 genre
970 1948 1008 2009 de

253 2124 283 2164 Et
294 2123 376 2163 salibus
386 2123 502 2162 vehemens
512 2123 568 2163 intra
577 2123 682 2175 pomoeria
690 2124 754 2164 natis.

252 2191 330 2231 Omnia
340 2201 396 2230 nune
406 2196 494 2230 contra:
507 2190 581 2230 vultus
592 2191 671 2240 graus.
683 2189 772 2229 horrida
782 2190 845 2231 siocae

253 2257 320 2309 Sylva
331 2268 405 2304 comae,
416 2256 488 2295 nullus
498 2260 545 2296 tota
553 2258 610 2296 nitor
620 2256 642 2295 in
654 2259 710 2305 rute,
724 2255 811 2306 qualem

253 2323 340 2363 Bruttia
350 2322 468 2374 praestabat
480 2322 546 2361 calidi
557 2322 599 2361 tibi
610 2321 679 2361 tascie
688 2322 753 2368 visch

200 2392 226 2432 15
253 2388 296 2429 Sed
307 2388 423 2429 fruticante
434 2388 480 2441 pilo
491 2389 590 2440 neglecta
602 2392 625 2428 et
635 2389 736 2439 squalida
745 2400 816 2429 crura.

253 2455 313 2504 Quid
322 2457 403 2495 macies
412 2458 464 2507 aegri
474 2457 563 2508 veteris,
572 2467 637 2507 quem
648 2461 744 2509 tempore
754 2457 817 2507 longo

252 2524 330 2564 Torret
338 2528 416 2573 quarta
427 2522 480 2571 dies,
492 2524 589 2573 olimque
600 2521 721 2563 domestica
731 2521 808 2562 febris!

251 2590 379 2644 Deprendas
388 2592 454 2630 animi
464 2593 572 2630 tormenta
584 2589 672 2629 latentis
682 2589 704 2628 in
715 2600 771 2639 aegro

253 2660 359 2711 Corpore;
371 2656 492 2710 deprendas
504 2661 526 2695 et
537 2655 631 2706 gaudia:
642 2656 710 2695 sumit
719 2660 836 2705 utrumque

199 2729 225 2767 20
252 2726 307 2766 Inde
316 2726 416 2766 habitum
428 2723 502 2763 iacies.
513 2723 585 2774 Igitur
596 2723 682 2762 flexisse
692 2722 771 2762 viderie

252 2793 399 2844 Propositum,
410 2795 432 2831 et
442 2790 493 2829 vitre
503 2789 624 2828 contrarius
633 2790 663 2828 ire
675 2788 750 2840 priori.

252 2859 329 2911 Nuper
339 2859 404 2907 enim,
414 2861 439 2896 ut
448 2859 530 2908 repeto,
541 2854 615 2895 tanum
625 2854 698 2902 Isidis,
710 2859 732 2895 et
742 2853 902 2906 Ganymedem,
989 2848 996 2859 ⁸

253 2926 325 2977 Pacis,
336 2929 358 2965 et
370 2923 467 2962 advectae
477 2926 559 2962 secreta
569 2923 653 2974 palatia
662 2921 749 2970 Matris,

251 2991 281 3032 Et
292 2991 391 3030 Cererem
404 2989 462 3038 (nam
474 2999 517 3036 quo
529 2998 570 3027 non
580 2991 666 3040 prostat
675 2986 755 3028 femina
765 2986 858 3039 templo!
867 2985 874 3040 )

198 3060 225 3099 25
253 3057 332 3097 Notior
341 3053 430 3094 Aufidio
440 3054 537 3094 moechus
546 3055 652 3094 scelerare
662 3054 753 3104 solebas,

252 3121 360 3173 Quodque
370 3123 438 3167 taces,
450 3120 509 3170 ipsos
519 3119 585 3159 etiam
596 3120 699 3160 inclinare
710 3121 807 3160 maritos.

279 3186 340 3227 Utile
351 3188 374 3226 et
383 3185 425 3224 hoe
433 3184 509 3225 multis
520 3187 571 3226 vitm
583 3196 662 3237 genum
674 3192 696 3227 at
706 3187 760 3227 mihi
769 3186 852 3227 nullum
