2284 3650
453 118 569 167 sinan
585 119 632 168 ur.
924 96 970 172 i'oo

94 220 169 290 Que
186 222 252 275 sert
269 214 306 274 de
326 234 400 274 nous
416 215 523 288 flatler,
542 223 571 284 et
592 216 675 295 quels
693 223 758 275 sont
774 236 825 282 nos
843 216 970 290 citrosa

96 331 182 371 nous
197 299 298 368 autres
310 306 471 387 indigenis?
482 301 621 368 Serait-ce
633 309 660 368 le
675 309 746 381 zelo,
761 308 824 389 qui,
840 318 905 372 tout
918 311 969 370 ha·

22 465 23 480 ¹
95 405 208 476 hirtos,
224 423 299 462 nous
312 400 364 461 lait
378 400 508 461 accourir
524 410 610 461 arant
624 403 651 462 le
663 401 749 480 jour‘i
761 402 831 463 Mais
850 404 878 464 le
899 409 964 485 pro·

22 519 23 526 ¹
97 509 188 570 teur‚
203 497 272 556 sicot
285 516 342 576 que
356 496 397 555 les
412 516 517 555 veuves
531 516 596 555 sans
617 496 729 556 entonis
743 503 808 556 sont
824 496 966 569 trulleos,

98 611 209 672 presse
219 590 286 670 deja
300 611 343 650 ses
354 589 471 649 licteurs
484 589 625 649 d'arriver
641 590 710 650 chez
725 590 831 651 Albine
846 611 884 651 ou
898 591 968 651 ohcz

99 685 221 758 Hodie,
238 705 312 765 pour
333 685 374 743 les
396 683 491 743 saluer
505 703 573 743 avec
587 703 641 742 son
651 683 793 762 ooll‘egue.
807 686 860 744 Les
873 683 918 743 fils
932 684 967 744 de

98 800 157 840 nos
169 778 329 859 patricicns
342 785 484 837 escorteut
496 798 537 835 un
552 777 660 837 esclave
674 776 786 837 enrichi
799 800 806 838 :
824 778 969 858 pourquoi

100 893 187 944 uon,
203 871 329 951 puisque
341 891 385 930 ses
399 869 516 950 parens,
530 891 604 950 pour
617 865 748 950 sonpirer
762 891 820 932 une
834 891 873 931 ou
891 870 969 932 deux

99 966 161 1026 lois
178 985 231 1025 sur
243 965 269 1025 le
281 965 341 1025 sein
355 964 391 1024 de
403 963 533 1024 Calvinie
545 984 583 1024 ou
598 964 633 1040 cle
649 965 778 1038 Cretione,
793 964 968 1046 prodigueut

100 1067 215 1118 autaut
228 1058 358 1135 d‘argent
371 1058 465 1138 qu'un
478 1056 578 1116 triburi
587 1057 622 1117 de
635 1057 730 1136 le'gion
741 1079 777 1118 en
788 1059 878 1134 recoli
892 1081 967 1140 pour

22 1175 23 1234 3
101 1173 135 1211 sa
150 1153 344 1213 soldelPour
361 1151 412 1224 toi,
428 1151 526 1231 quand
541 1160 573 1210 tu
588 1151 696 1211 desires
708 1153 749 1212 les
762 1154 877 1214 favours
888 1154 924 1214 de
939 1154 967 1213 la

22 1249 23 1280 ³
105 1246 248 1307 moindre
269 1245 442 1317 courtisane‚
457 1245 493 1305 de
511 1245 634 1317 Chione,
649 1254 681 1305 tu
703 1246 810 1307 hesites
823 1250 841 1307 a
854 1248 882 1307 la
895 1247 966 1308 faire

105 1340 269 1401 descendie
282 1341 382 1400 deson
396 1339 473 1419 sitgo
487 1340 627 1399 exhaussci
642 1341 716 1418 (Μ).

149 1434 253 1494 Parlez
266 1434 302 1494 ici
316 1434 388 1493 d'un
408 1434 517 1494 temoin
534 1432 611 1493 aussi
626 1432 739 1512 integre
754 1455 811 1514 quo
823 1435 914 1495 l'hote
931 1435 966 1495 dc

107 1527 238 1607 Cybele;
254 1531 401 1606 presentez
416 1529 524 1599 Numa,
536 1548 575 1587 ou
589 1526 665 1586 celui
677 1526 728 1606 qni
740 1546 827 1587 saura
839 1527 967 1588 Minerve

22 1673 23 1694 ἶ
105 1620 286 1681 tremblante
309 1621 353 1680 >dn
377 1620 483 1699 temple
509 1620 640 1680 embrase
663 1621 745 1697 (25);
761 1641 798 1679 on
823 1620 966 1681 demando

107 1716 231 1782 d'aborcl
252 1737 258 1775 :
281 1715 369 1775 Est-il
393 1714 491 1776 riche?
514 1713 648 1774 combien
673 1712 766 1772 a-t-il
792 1714 966 1775 d'esclaves‘l

107 1809 245 1872 cambion
253 1810 400 1889 d'arpents
411 1808 447 1869 de
460 1811 552 1869 terret
563 1830 593 1868 sa
607 1807 682 1869 table
694 1808 804 1869 estelle
818 1808 967 1888 splendide

107 1913 138 1987 et
152 1904 296 1964 delicate?
314 1903 400 1976 mais,
416 1902 509 1963 A-t-il
524 1903 574 1963 des
588 1906 715 1963 moeurs‘l
736 1910 812 1964 cette
831 1903 963 1984 question

216 2071 280 2120 Quod
290 2082 353 2124 porro
364 2070 466 2118 officium,
477 2081 503 2109 ne
512 2070 574 2110 nobis
585 2049 692 2120 blandiar,
702 2074 740 2111 aut
748 2070 809 2122 quod

216 2138 321 2190 Pauperis
328 2139 365 2178 hic
373 2138 487 2184 meritum,
498 2138 516 2177 si
527 2142 588 2178 curet
597 2142 660 2178 nocte
671 2141 761 2190 togatus.

215 2205 314 2254 Currere,
324 2217 391 2256 quum
403 2209 482 2256 praetor
492 2204 591 2244 lictorem
604 2205 714 2258 impellat,
727 2209 749 2246 et
759 2206 789 2246 ire

216 2271 352 2324 Pracipitem
362 2271 447 2324 jubeat,
461 2269 544 2311 dudum
556 2272 698 2322 vigilantibus
708 2273 778 2324 orbis,

149 2339 188 2379 130
215 2339 249 2378 Ne
259 2341 316 2390 prior
324 2339 427 2379 Albinam
438 2342 460 2378 et
471 2337 570 2378 Modiam
581 2339 665 2390 collega
675 2338 768 2380 salutett

215 2405 295 2445 Divitis
305 2406 341 2445 hio
351 2406 407 2445 servi
417 2404 501 2445 claudit
510 2405 568 2444 latus
579 2407 720 2456 ingenuorum

215 2471 284 2511 Filius
294 2484 299 2510 :
309 2472 364 2512 alter
374 2473 439 2518 enim,
451 2477 557 2522 quantum
569 2474 591 2511 iu
601 2472 685 2523 legione
697 2473 778 2512 tribuni

214 2539 338 2590 Accipiunt,
348 2538 415 2580 donat
426 2537 521 2578 Calviuae
532 2539 566 2577 vel
576 2538 680 2590 Catienae,

214 2604 244 2644 Ut
254 2604 327 2654 semel,
340 2611 405 2655 atque
415 2606 493 2645 iterum
503 2616 566 2656 super
578 2604 636 2643 illam
649 2604 755 2657 palpitet:
767 2608 789 2645 at
800 2608 831 2653 tu,

146 2670 185 2710 135
211 2670 283 2717 Quum
292 2672 332 2711 tibi
342 2673 416 2712 vestiti
425 2670 491 2710 iacies
501 2671 565 2709 scorti
577 2671 656 2722 placet,
667 2670 742 2717 haeres,

212 2736 241 2778 Et
250 2737 337 2779 dubitas
346 2738 391 2778 alta
400 2737 503 2777 Chionem
513 2736 620 2776 deducere
630 2734 690 2775 sella.
776 2785 783 2798 ι
829 2778 833 2783 ,

199 2850 204 2863 Ι
237 2802 273 2843 Da
284 2808 361 2845 testem
374 2805 447 2844 Romae
458 2809 502 2843 tam
512 2807 619 2851 sanctum,
631 2813 696 2853 quam
707 2801 749 2842 fuit
760 2803 837 2856 hospes

212 2871 312 2910 Numinis
321 2871 374 2910 Idaei
384 2883 389 2910 :
398 2869 501 2921 procedat
510 2870 544 2909 vel
556 2869 635 2917 Numa,
648 2868 682 2907 vei
692 2869 730 2918 qui

210 2936 309 2978 Servavit
318 2936 424 2990 trepidam
435 2935 534 2987 flagranti
543 2948 571 2975 ex
581 2935 628 2975 aede
638 2935 758 2975 Minervam
764 2947 771 2985 ;

148 3003 185 3043 140
212 3003 313 3044 Protinus
323 3004 350 3043 ad
361 3015 448 3044 censum
458 3017 463 3043 :
474 3003 501 3043 de
511 3004 607 3043 moribus
618 3003 694 3043 ultima
704 3001 742 3043 fiet

208 3070 318 3117 Quaestio:
327 3070 385 3121 Quot
395 3072 466 3123 pascit
476 3073 560 3112 servos?
571 3075 623 3122 quot
634 3070 730 3124 possidet
741 3071 786 3121 agri

208 3138 302 3188 lugeret
313 3149 378 3190 quam
388 3137 457 3177 multa
466 3149 587 3189 magnaque
596 3137 709 3191 paropside
720 3138 802 3177 coeuati
