2284 3650
210 189 259 238 tot
559 189 677 240 stirme
692 192 722 240 Vi

209 282 337 342 vicienx.
353 284 421 342 Mon
436 302 512 354 ame,
529 288 643 363 pressee
658 303 710 364 pnr
727 285 756 344 iu
766 284 874 357 raison,
890 292 933 344 est
946 284 1087 344 veiireuo

191 411 196 420 ·
212 376 321 455 moigne
335 397 365 435 se
381 377 554 447 re‘sistnnce;
576 379 630 438 elie
649 378 741 458 prend
755 398 821 439 sons
841 387 883 439 tes
900 378 995 459 doigts
1011 399 1083 438 une

208 469 302 528 iorme
322 470 467 530 nouvelle.
483 473 517 530 Je
537 472 643 550 passeis
664 492 731 532 avec
747 472 787 532 toi
801 473 842 531 les
857 471 996 550 journeies
1012 492 1085 531 eir-

208 561 306 622 tieres.
321 565 400 622 Nous
410 563 552 623 donnions
564 564 708 645 quelques
718 571 863 624 momente
873 563 913 635 du
928 564 987 624 soir
999 566 1016 623 i
1030 586 1084 623 un

206 675 293 736 repas
303 657 396 735 legen
409 657 645 738 nouslquittions
658 678 732 718 neus
740 657 1082 739 reprenionseusembde

209 750 236 808 ie
256 750 375 821 travei13
398 770 457 810 une
474 750 551 811 table
570 751 700 811 modeste
718 771 791 812 nous
811 750 943 810 de'iassuit
961 749 1000 810 de
1016 770 1081 810 nus

205 843 309 903 ctrrdes
323 846 474 905 senenses.

249 939 323 997 N'en
336 938 425 998 doute
437 957 498 1017 pes,
513 959 565 998 nos
576 940 670 1018 jours,
682 939 749 1000 unis
759 960 812 1021 pur
821 962 861 999 un
869 938 960 1000 noeud
970 938 1078 998 indis-

204 1031 330 1106 soluhle,
347 1041 412 1092 sont
424 1031 533 1091 soumis
547 1036 564 1092 'a
577 1033 605 1092 la
616 1037 711 1094 meme
726 1034 811 1094 etoile
823 1036 877 1112 (7).
891 1032 954 1093 Soit
965 1054 1026 1113 que
1043 1034 1079 1092 iu

207 1126 321 1205 Parque
332 1126 483 1206 veridique
493 1125 534 1185 eit
545 1127 694 1207 suspendu
706 1148 758 1188 nos
767 1127 874 1208 joursii
884 1127 912 1186 le
922 1127 1053 1187 Bulence
1064 1150 1073 1192 ;

207 1217 328 1299 soitque
341 1221 454 1283 l'heure
467 1223 574 1294 nutele,
588 1221 734 1282 favorabie
746 1242 803 1281 aux
816 1220 889 1281 emis
899 1220 1011 1293 fideles,
1025 1220 1077 1280 uit

207 1318 324 1392 partege
346 1323 429 1376 notre
450 1317 579 1377 destincte
593 1324 677 1375 entre
688 1316 738 1397 ¹les
749 1317 916 1388 Ge'meanx3
932 1314 987 1375 soit
1006 1336 1076 1394 qne

207 1414 290 1466 notre
303 1409 420 1488 Jupiter
436 1410 476 1470 ait
493 1409 597 1470 nnincu
612 1411 640 1470 le
653 1410 783 1489 maligne
798 1410 940 1470 influente
957 1409 994 1469 de
1009 1413 1075 1467 Su-

208 1509 294 1562 turne
305 1505 360 1580 (8),
374 1525 414 1562 un
427 1509 522 1565 meme
529 1512 619 1578 estre,
635 1505 705 1584 quel
715 1505 788 1584 qu'il
799 1504 867 1576 soit,
880 1524 898 1563 u
909 1503 1032 1585 produit
1046 1505 1078 1562 ie

206 1596 371 1674 sympathie
387 1597 439 1678 qui
453 1619 501 1658 me
514 1598 590 1678 joint
604 1602 621 1658 i
633 1599 685 1658 toi.

246 1691 299 1749 les
310 1695 393 1768 godis
405 1699 437 1752 et
447 1693 487 1753 les
499 1691 741 1772 occupationsdes
752 1692 886 1752 hommes
895 1698 961 1751 sont
972 1691 1078 1754 verice

149 1857 151 1861 Ι
206 1782 353 1846 dl'iniini.
374 1786 496 1847 Chacun
516 1807 533 1847 a
550 1806 581 1846 sa
597 1786 713 1847 nolonte
728 1807 844 1868 propre,
868 1793 897 1846 et
910 1804 962 1845 nos
976 1804 1076 1844 s‘oenx

204 1897 240 1938 ne
254 1899 284 1939 se
294 1881 483 1941 ressemblent
496 1885 595 1961 gnere.
606 1882 684 1940 L'un
694 1890 778 1942 court
791 1880 941 1942 dl'Orient
953 1881 1076 1939 echeri-

149 2038 155 2047 .
204 1973 313 2048 gertus
333 1975 547 2047 marchandises
566 1975 683 2036 d'ltelie
705 1983 807 2035 contre
827 1975 855 2034 de
873 1972 973 2055 poivre
990 1982 1022 2033 et
1046 1975 1076 2036 ie

311 2127 340 2165 Et
350 2127 456 2178 premitur
465 2127 548 2167 ratione
559 2128 653 2175 animus,
663 2128 764 2178 vincique
774 2127 867 2177 laborat,

256 2194 284 2233 140
312 2193 468 2245 Artificemque
478 2198 517 2235 tuo
528 2194 591 2235 ducit
601 2195 641 2234 sub
651 2191 730 2247 pollice
738 2194 833 2234 vultum.

310 2261 392 2300 Tecum
402 2263 482 2301 etenim
492 2262 567 2312 longos
579 2261 668 2301 memini
676 2271 802 2300 consumere
811 2262 875 2309 soles,

312 2328 340 2366 Et
350 2330 422 2367 tecum
432 2329 513 2380 primns
523 2328 594 2380 epuiis
605 2327 720 2380 decerpere
729 2331 812 2367 noctes.

310 2393 383 2433 Unum
392 2405 454 2446 opus,
467 2399 489 2435 et
500 2396 598 2446 requiem
606 2395 689 2447 pariter
699 2394 834 2446 disponimus
845 2395 917 2441 ambo,

310 2461 384 2511 Atque
393 2461 515 2502 verecunda
523 2462 624 2502 laxamus
633 2463 690 2502 serie
699 2472 780 2502 mensa.

255 2528 282 2566 45
310 2528 359 2567 Non
368 2528 470 2578 equidem
479 2530 520 2570 hoc
530 2528 627 2578 dubites,
639 2529 752 2568 amborum
762 2526 844 2567 foedere
854 2532 913 2568 certo

309 2594 435 2635 Consentire
445 2596 500 2645 dies,
511 2603 534 2636 et
545 2597 572 2635 ab
583 2606 626 2635 uno
636 2595 706 2635 sidere
716 2594 777 2635 duci.

275 2667 278 2673 '
310 2659 392 2701 Nostra
400 2663 435 2701 vel
444 2663 523 2713 aeqnaii
532 2662 645 2714 suspendit
656 2666 754 2714 tempore
763 2661 819 2701 libre

310 2727 381 2767 Parca
390 2732 456 2768 tenax
465 2730 509 2769 veri
516 2743 523 2778 ;
533 2740 572 2769 seu
581 2732 633 2768 nnta
644 2727 746 2768 fidelibus
754 2728 809 2769 hora

310 2792 395 2835 Dividit
405 2796 426 2834 in
436 2796 540 2836 Geminos
549 2794 665 2835 concordia
675 2794 720 2836 tata
730 2794 823 2834 duorum
829 2809 835 2845 ;

250 2861 283 2899 ⁹7)ss
310 2860 470 2913 Satnmumque
479 2874 566 2914 gravem
575 2866 650 2903 nostro
660 2862 675 2903 J
677 2872 717 2902 ove
727 2860 847 2913 frangimus
857 2875 908 2905 nne.

310 2925 391 2968 Nescio
400 2929 459 2979 quod
468 2934 527 2970 certe
535 2933 577 2978 est,
588 2928 648 2981 quod
659 2940 694 2970 me
705 2929 745 2968 ribi
754 2932 870 2982 temperat,
882 2938 973 2974 astrum.

311 2991 375 3031 Mille
384 2994 497 3034 hominum
507 2997 598 3048 speeies,
610 2999 632 3036 et
642 3006 714 3035 rernm
724 2994 818 3036 discolor
828 3008 890 3048 usnrq

311 3061 373 3100 Velle
383 3073 446 3102 sumn
455 3065 534 3115 cuique
543 3071 584 3112 est„
595 3075 634 3104 nec
643 3067 695 3105 noto
704 3065 785 3105 vivitur
794 3076 845 3106 uno.

312 3126 423 3168 Mercibus
432 3128 467 3169 hic
477 3130 539 3170 lteiis
549 3134 621 3171 mutat
631 3132 671 3171 sub
680 3132 725 3171 soie
734 3132 815 3171 recenti

253 3195 284 3232 tf>
311 3192 422 3245 Rugosum
432 3198 501 3249 piper,
511 3202 534 3237 et
545 3197 647 3249 pallentis
654 3209 723 3249 grune
732 3198 825 3248 cuminig
