2284 3650
153 162 201 211 ist
507 159 624 207 sarias
641 153 682 207 x,

151 255 245 337 quiet,
261 275 313 336 par
325 275 367 314 un
387 255 508 334 aseugle
528 265 557 316 et
574 257 682 317 violent
703 257 790 334 dosir,
805 280 879 320 nous
892 264 1018 325 voulons

152 372 211 413 une
226 356 344 432 e'pouse,
364 359 394 411 et
407 351 435 410 la
448 352 570 411 sonions
585 353 716 415 seconde.
734 354 787 414 Ces
801 359 912 416 memes
926 357 1019 419 dieur

152 453 252 507 savent
265 445 330 524 deja
348 445 444 524 quelle
462 465 525 504 sera
542 445 676 521 lamere,
693 449 776 528 quels
788 458 885 509 seront
899 451 941 510 les
961 472 1018 512 en-

152 542 238 603 lants.
253 540 319 601 afin
334 539 494 619 cependant
504 540 616 600 d'avoir
626 562 668 600 un
683 562 751 602 voeu
769 545 785 602 a
799 545 919 617 former,
931 553 961 604 et
976 567 1019 607 un

153 641 282 717 pretenta
292 655 366 714 pour
382 634 464 693 offrir
478 655 535 693 aux
546 633 633 694 dieux
644 634 684 695 les
696 637 842 697 entrailles
854 646 883 697 et
898 639 939 697 les
951 660 1021 699 sau-

153 731 238 791 cissos
251 728 357 789 saintes
369 727 441 786 d'un
452 727 561 787 cochon
572 727 641 787 hicn
656 729 740 789 blanc
750 731 826 807 (90),
843 730 1022 792 demandez·

153 826 218 887 leur
239 846 280 884 un
302 824 391 904 esprit
413 821 474 881 sain
498 822 569 881 dans
591 844 631 881 un
651 843 734 903 corps
751 825 824 884 sain.
849 827 1020 888 Demandez

154 940 214 980 une
228 939 292 978 ame
308 919 392 990 forte,
417 924 550 995 exempta
572 916 621 976 des
640 925 767 976 terreurs
781 917 816 977 de
832 919 858 977 la
876 928 969 993 mort,
992 929 1022 980 et

155 1012 205 1093 qui
221 1013 249 1071 la
262 1011 381 1090 regarde
403 1031 516 1070 comme
532 1031 574 1069 un
588 1010 704 1070 dernier
717 1011 839 1070 bienlait
860 1012 897 1072 de
913 1014 944 1071 la
965 1035 1022 1074 na·

156 1114 221 1166 ture
235 1107 297 1184 (al)
309 1127 316 1174 ;
329 1124 388 1163 une
402 1124 466 1163 ame
479 1102 663 1164 inaccessihle
675 1107 692 1164 ὲ
706 1106 733 1164 la
747 1107 853 1179 colere,
867 1127 927 1166 aux
937 1109 1022 1169 vains

156 1199 257 1269 desim,
270 1197 387 1277 capable
399 1199 478 1256 enfin
490 1197 525 1258 de
537 1200 665 1278 prele'rer
673 1199 713 1258 les
724 1199 887 1260 nombreux
896 1209 1021 1263 travaux

155 1293 312 1352 d'Hercule
324 1312 380 1351 aux
399 1294 532 1372 volupte's
552 1300 581 1352 et
596 1295 613 1352 a
628 1293 656 1351 la
672 1292 802 1353 mollesse
817 1293 852 1353 de
867 1295 1020 1356 Sardana-

157 1387 221 1467 palo
239 1387 314 1464 (92).
330 1387 376 1447 On
388 1407 425 1445 ne
436 1386 580 1466 parvient,
596 1387 665 1445 n'en
678 1386 782 1446 doutez
794 1407 854 1468 pas,
870 1408 911 1447 au
927 1392 1018 1451 calme

157 1482 198 1541 du
212 1480 412 1561 honhcurque
430 1480 516 1559 parle
533 1479 641 1539 sentiar
654 1480 689 1539 de
710 1479 737 1538 la
757 1488 841 1540 vertu
853 1482 930 1558 (95).
961 1488 1011 1557 Qoe

158 1576 265 1655 peutla
275 1576 401 1633 Fortune
412 1572 435 1632 si
449 1593 521 1632 nous
531 1593 656 1632 sommas
670 1573 881 1653 prudentsllll)
891 1577 904 1633 ‘l
913 1576 943 1636 Ο
956 1580 1017 1637 For·

159 1676 246 1741 tune,
263 1669 332 1729 c'est
346 1688 420 1727 nous
434 1666 485 1746 qui
500 1667 610 1726 t'avons
625 1667 737 1742 deifiee,
754 1667 806 1748 qni
824 1669 938 1730 t'avons
956 1673 1021 1752 pla-

159 1766 208 1823 cee
217 1762 288 1824 dans
302 1762 328 1823 le
341 1761 413 1823 ciel!

268 1931 372 1983 Impulsu,
385 1933 407 1970 et
418 1939 476 1969 caeca
484 1939 607 1980 magnaque
616 1928 718 1981 cupidine
729 1927 799 1978 ducti,

266 1997 396 2049 Conjugium
406 1997 508 2048 petimus,
514 2000 644 2048 partumque
655 1996 729 2035 uxoris
738 2009 744 2045 ;
753 1999 776 2036 at
786 1995 829 2035 illis

267 2063 359 2110 Notum,
369 2064 408 2114 qui
417 2065 487 2116 pueri,
498 2063 613 2113 qualisque
622 2061 731 2103 luturasit
738 2074 801 2103 uxor.

268 2130 300 2169 Ut
309 2134 381 2170 tamen
391 2134 414 2170 et
423 2142 499 2182 poscas
507 2129 598 2181 aliquid,
608 2140 730 2181 voveasque
739 2130 824 2170 sacellis

200 2198 240 2239 355
267 2197 327 2238 Exta
338 2201 360 2237 et
367 2197 477 2239 candiduli
486 2197 560 2237 divina
568 2198 677 2238 tomacula
686 2199 754 2251 porci,

267 2263 378 2304 Orandum
385 2271 425 2312 est,
437 2268 462 2304 ut
470 2265 498 2304 sit
509 2275 569 2304 mens
579 2275 631 2303 sana
638 2265 660 2303 in
669 2275 757 2316 corpore
768 2275 827 2304 sano.

269 2332 358 2372 Fortem
368 2342 433 2383 posce
443 2333 548 2380 animum,
559 2332 635 2371 mortis
645 2335 726 2371 terrore
738 2335 855 2380 carentem,

268 2400 312 2448 Qui
323 2399 416 2452 spatium
427 2400 478 2439 vitae
489 2403 612 2440 extremum
624 2399 681 2439 inter
691 2410 780 2439 munera
790 2401 856 2450 ponat

269 2466 368 2517 Naturae,
381 2466 419 2517 qui
428 2464 483 2505 ferre
494 2469 561 2515 queat
571 2476 720 2517 quoscumque
728 2465 821 2509 labores,

202 2535 242 2576 360
269 2534 360 2575 Nesciat
371 2535 443 2584 irasci,
453 2534 527 2586 cupiat
538 2532 599 2581 nihil,
611 2535 634 2572 et
643 2533 738 2585 potiores

269 2602 371 2644 Herculis
381 2613 487 2642 aerumnas
497 2598 572 2640 credat
582 2610 693 2650 saevosque
703 2600 788 2639 labores

269 2669 298 2709 Et
308 2668 401 2717 Venere,
412 2672 434 2709 et
445 2669 519 2717 omnis,
530 2670 552 2706 et
561 2665 637 2718 pluma
646 2665 797 2718 Sardanapali.

272 2734 371 2776 Monstro
380 2734 438 2786 quod
449 2736 494 2788 ipse
506 2734 546 2775 tibi
554 2734 623 2784 possis
633 2731 692 2774 dare.
708 2731 790 2773 Semita
799 2736 857 2774 certe

270 2801 402 2854 Tranquillae
411 2814 449 2856 per
456 2803 559 2842 virtutem
566 2802 629 2853 patet
635 2802 699 2840 unica
708 2801 766 2841 vitae.

205 2870 246 2911 365
273 2869 365 2909 Nullum
377 2881 456 2910 numen
466 2869 541 2917 habes,
554 2868 572 2906 si
583 2868 611 2908 sit
620 2866 750 2920 prudentia:
762 2877 800 2906 nos
809 2870 839 2911 te,

272 2936 318 2976 Nos
329 2935 428 2988 iacimus,
439 2936 543 2984 Fortuna,
554 2935 624 2985 deam,
638 2934 847 2986 coeloquelocamus.
