2284 3650
449 146 564 194 sirius
581 147 610 194 V.
916 154 963 201 tus

92 244 139 303 ies
153 244 246 302 fleurs
261 241 299 301 de
313 241 342 300 la
355 240 414 301 rie.
431 241 509 300 C’est
520 241 600 302 vivre
615 262 672 322 que
685 243 776 321 jouir.
793 244 913 306 Bientit
928 256 962 307 tu

95 359 139 398 ne
150 356 227 395 seres
242 356 302 415 que
316 336 433 408 cendrc‚
447 335 548 395 omhre
564 346 594 395 et
610 337 755 416 poussi'ere
770 342 844 417 (ie).
861 341 910 401 Vis
924 363 961 402 en

100 438 223 511 pensant
238 432 256 489 ir
271 430 301 489 ln
314 437 395 490 mort
405 431 468 507 (ἳο)
483 450 491 489 :
505 430 532 489 ie
542 437 638 511 temps
652 431 726 503 suit;
741 433 767 492 le
778 444 911 495 moment
922 440 961 496 oii

98 524 132 603 je
143 524 222 605 porte
238 530 282 583 est
297 522 364 601 de'je
375 522 448 582 ioin.

140 617 186 676 ΕΙ]
197 616 270 675 bien
282 616 290 672 i
308 635 366 696 que
375 615 467 675 faire?
477 616 572 676 Attii-e
583 637 636 698 par
647 616 725 678 deux
737 617 894 694 homeeons
907 643 961 702 op·

99 714 191 791 posis,
207 708 322 789 auquel
337 708 539 768 mordrns-tu‘t
552 710 577 769 li
594 719 622 772 te
637 713 701 771 snut
716 712 797 772 subir
809 714 963 775 alternati·

101 812 217 864 rement
231 805 258 864 le
269 804 345 882 joug
359 802 394 862 de
410 810 452 863 tes
466 807 600 876 maitres;
616 805 637 864 ii
652 806 716 864 saut
727 826 807 865 errer
819 805 855 866 de
870 788 962 868 iunii

102 897 214 957 i’eutre.
229 898 268 956 Et
281 895 381 976 quand
394 904 427 955 tu
442 896 538 957 curnis
554 897 654 959 resiste
669 919 728 959 une
741 900 806 972 fois,
823 907 852 960 et
866 891 962 962 refuso

102 990 140 1051 de
160 991 257 1051 suivre
280 991 362 1050 leurs
384 990 482 1050 ordres
503 1000 659 1072 pressante
682 1013 719 1054 ne
739 992 878 1073 dispas:
900 995 962 1055 soi

102 1104 200 1166 tempu
212 1103 275 1144 mes
286 1083 374 1144 lieno.
388 1086 427 1144 Le
437 1085 523 1145 chien
537 1105 567 1145 se
581 1086 668 1146 de'bot
677 1095 706 1147 et
717 1086 793 1148 brise
804 1109 835 1147 sa
844 1088 959 1160 chaine;

100 1199 156 1239 one
176 1178 276 1259 partie
299 1184 376 1237 reste
396 1177 527 1238 attachee
547 1181 565 1238 it
585 1199 637 1239 son
657 1200 722 1255 con,
738 1188 768 1241 et
788 1185 881 1241 treine
900 1182 960 1243 ioin

94 1270 230 1331 derniere
247 1268 305 1329 tui.

137 1365 233 1436 Dave,
247 1364 313 1422 c'en
329 1370 372 1422 est
382 1362 435 1423 snit
448 1365 528 1441 (dih
544 1364 708 1439 crois-moi,
722 1367 752 1447 je
766 1388 853 1448 songe
867 1371 885 1429 d
899 1377 959 1429 ter·

97 1456 197 1517 miner
213 1476 279 1516 mes
291 1456 373 1535 longs
387 1464 550 1517 tourments
564 1458 655 1536 (ainsi
669 1461 750 1540 parte
763 1461 957 1536 Cherestrote‚

96 1572 137 1611 en
152 1571 183 1611 se
198 1556 343 1630 rongennt
353 1550 394 1609 ies
407 1552 506 1630 ongles
516 1554 657 1632 jusqu'au
672 1554 737 1630 vis).
749 1554 870 1627 Serui-je
891 1562 959 1614 tou·

95 1645 180 1721 jours
198 1644 227 1704 ie
247 1643 436 1703 de'shonneur
455 1643 490 1705 de
511 1666 572 1704 mes
586 1654 730 1706 rertneux
744 1649 878 1726 parents?
897 1648 959 1705 En·

100 1736 285 1818 glomuni-je
306 1757 377 1796 mon
398 1737 572 1818 patrimoiue
590 1746 619 1799 et
639 1759 688 1798 ure
705 1739 872 1818 re'putntion
889 1739 959 1801 dans

98 1852 160 1892 une
174 1832 288 1893 maison
302 1831 432 1892 infamet
450 1833 553 1913 lsai-je
573 1833 707 1913 toujours
721 1833 839 1905 lenuit,
853 1834 915 1894 ivre
930 1843 959 1895 et

90 1946 164 1987 arec
180 1948 223 1987 un
243 1925 391 1986 flemheou
407 1926 508 2001 eteiut,
530 1927 652 1986 chanter
672 1947 739 1988 sous
754 1928 780 1986 ia
795 1927 875 2007 pluie
897 1931 913 1988 it
931 1930 959 1989 ie

92 2029 179 2099 porte
193 2019 231 2080 de
246 2018 383 2099 Chrysis?

205 2169 299 2220 Induige
308 2170 379 2220 genio,
391 2179 503 2221 carpamus
511 2168 593 2223 dulcia,
604 2175 701 2210 nostrum
711 2175 745 2212 est
800 2206 805 2217 ,

204 2237 272 2286 Quod
280 2238 350 2277 rivis:
363 2238 424 2285 cinis,
435 2243 457 2278 et
466 2247 547 2285 manes,
558 2240 580 2277 et
592 2237 664 2277 tabula
673 2237 719 2279 fies.

204 2305 263 2345 Vive
272 2314 354 2360 memor
362 2302 416 2343 lethi
426 2315 432 2340 t
445 2302 502 2354 fugit
511 2302 578 2352 hora;
588 2304 630 2343 hoc
640 2304 698 2355 quod
707 2305 784 2356 loquor
795 2304 845 2345 inde
856 2311 897 2347 est.

204 2369 249 2419 En,
260 2369 313 2421 quid
323 2370 383 2421 agise
395 2369 482 2421 Duplici
493 2369 516 2407 in
526 2367 634 2409 diversum
645 2370 749 2411 scindetis
759 2371 836 2419 hamo;

133 2440 176 2478 155
204 2438 320 2477 Hunccine
331 2448 357 2476 sn
367 2436 424 2476 hunc
433 2436 542 2487 sequeris!
552 2436 634 2476 Subeas
645 2437 740 2477 alternus
750 2442 836 2489 oportet

204 2503 304 2555 Ancipiti
314 2502 418 2552 obsequio
428 2501 526 2541 dominos
532 2516 539 2552 ;
549 2502 645 2543 alternus
655 2504 748 2543 oberres.

205 2570 262 2619 Nec,
274 2573 297 2609 tu
306 2580 375 2620 quum
384 2570 495 2609 obstiteris
504 2570 580 2621 semel,
591 2571 723 2620 instantique
732 2572 815 2619 negaris

203 2636 286 2676 Parere
296 2636 394 2688 imperio,
406 2636 454 2687 rupi
460 2636 508 2687 jam
518 2636 612 2685 vincula,
622 2635 690 2675 dicas.

204 2703 265 2743 Nam
274 2703 357 2742 luctata
369 2702 428 2741 canis
436 2701 516 2742 nodum
526 2704 606 2755 abripit
616 2716 621 2741 :
633 2707 728 2742 attamen
738 2702 769 2741 iiii

133 2772 176 2813 lto
203 2769 278 2817 Quum
288 2768 351 2819 rugit,
362 2780 375 2808 a
385 2769 441 2809 collo
450 2770 543 2810 trahitur
551 2781 601 2821 pars
611 2769 674 2818 longa
683 2773 772 2808 notente.

204 2834 275 2884 Dave,
287 2835 338 2883 cito,
348 2835 389 2874 hoc
401 2834 476 2875 credas
483 2835 559 2887 Jubeo‚
569 2835 631 2874 finire
640 2834 724 2873 dolores

205 2903 331 2942 Pmteritos
340 2902 433 2941 meditor
443 2901 542 2954 (crudum
551 2902 703 2941 cherestratus
714 2912 807 2950 unguem

206 2968 322 3010 Abrodens
331 2970 362 3010 nit
371 2968 433 3021 haeci.
446 2970 481 3008 An
490 2970 553 3008 siccis
563 2968 659 3008 dedecus
670 2968 753 3008 obstem

204 3035 321 3085 Cognatist
331 3035 421 3076 Aurem
432 3036 533 3087 patriam,
546 3045 631 3074 rumore
642 3034 736 3083 sinistro,

135 3105 179 3145 165
205 3101 281 3141 Limen
290 3101 318 3142 ad
327 3103 459 3152 obscoenum
469 3100 575 3152 frangam,
587 3100 640 3140 dum
649 3100 762 3152 Chrysidis
773 3100 828 3140 udas

206 3167 285 3208 Ebrius
295 3172 344 3210 ante
355 3168 419 3218 fores,
430 3169 527 3208 extincta
538 3178 588 3207 cum
597 3165 644 3207 tace
654 3168 728 3207 cantet
740 3185 761 3206 κ
