2284 3650
446 134 563 184 senne
581 135 646 185 vtii.
928 141 972 189 561

115 241 214 314 aspect
225 233 331 293 eelater
338 232 380 292 les
390 234 502 291 memes
512 239 671 311 transports
684 221 915 315 quel'ligyptien
925 236 977 317 qui

19 403 20 410 ἵ
115 337 252 390 retrouve
266 326 417 406 Osirisl8).
433 325 632 406 J’uppellerais
643 327 730 387 noble
744 347 786 387 un
799 327 979 407 indignere·

19 473 21 506 ζ
114 423 197 502 jeton
217 420 269 502 qni
289 422 339 481 n’a
357 421 472 481 d’uutre
496 420 601 481 meritc
619 421 714 501 qu'un
732 440 801 481 nom
821 428 887 500 trop
901 420 977 482 eola-

118 517 252 594 tantilli!
268 513 458 595 Qnelquelois
468 534 543 574 nous
556 513 653 574 disons
663 515 736 574 d'un
751 512 832 587 nain,
847 514 924 574 C'est
936 535 978 575 un

115 609 213 680 Atlos;
228 608 301 669 d‘un
314 599 482 689 Ethiopien
496 608 574 668 C'csi
586 628 628 668 un
638 627 747 689 cygnc;
768 616 797 668 et
810 608 900 668 d'une
918 608 978 671 lille

115 702 207 786 petite
217 710 247 764 et
255 701 436 777 conuenite,
448 706 525 764 (lesi
537 723 595 763 une
610 705 739 784 Europe.
755 704 796 762 De
811 701 978 764 miserobles

115 797 219 858 chiens
237 796 444 877 languissents‚
464 797 640 871 decharnes,
663 805 692 857 et
710 795 858 856 reduitsb
880 796 978 857 lochen

114 891 159 953 les
170 891 255 952 bords
271 891 360 952 d'une
372 891 469 972 lompe
482 890 574 963 aride,
586 890 791 971 s'appellcrout
810 888 886 949 aussi
903 889 975 964 lion,

116 986 205 1065 tigre,
217 985 345 1066 leopard.
364 985 395 1045 Si
411 986 440 1045 lo
453 993 529 1045 terre
541 985 649 1065 portait
660 985 710 1045 des
722 983 861 1044 animans
874 1002 978 1044 encore

116 1078 184 1159 plus
202 1078 376 1158 rugissunts,
400 1099 439 1138 on
456 1078 522 1138 leur
535 1099 572 1139 en
595 1077 794 1158 prodigueroit
811 1077 854 1137 les
871 1077 979 1138 lormi-

115 1171 216 1232 duhles
232 1192 326 1233 noros.
350 1172 459 1232 Prends
481 1172 555 1232 donc
574 1171 674 1252 garde,
697 1172 821 1233 tremblc
841 1172 979 1247 d'etre,is

117 1266 210 1348 purcil
222 1266 301 1340 titre,
317 1267 419 1348 uppele'
430 1266 562 1327 Creticus
576 1287 615 1328 ou
630 1266 813 1327 Camerinus.

158 1361 245 1443 Aqui
257 1363 428 1424 s'adrosseni
440 1383 486 1423 ces
499 1362 575 1422 uvis?
595 1364 613 1423 l
633 1362 686 1436 toi,
711 1362 865 1423 Rubellius
884 1362 979 1422 Plou-

116 1466 166 1517 tus
175 1458 250 1534 (to).
264 1458 304 1518 Le
317 1476 388 1536 song
396 1456 447 1537 qui
461 1456 544 1517 coule
555 1457 627 1516 dans
639 1464 681 1515 tes
692 1455 775 1515 ueine
786 1456 862 1515 ensse
871 1463 921 1516 ton
931 1475 978 1514 or·

116 1550 198 1631 gueil
209 1550 392 1611 commesitu
401 1550 473 1611 etais
483 1549 611 1609 r'urtison
626 1549 663 1609 de
673 1556 702 1608 to
713 1567 818 1628 propre
829 1547 974 1619 noblesse;

115 1663 232 1704 comme
244 1643 268 1702 si
284 1652 315 1704 tu
327 1643 405 1703 uvuis
422 1642 527 1703 me'rite
543 1642 580 1702 de
592 1645 686 1701 nuitre
702 1641 791 1700 d'une
805 1642 885 1700 m'ere
895 1648 977 1701 toute

117 1746 298 1818 royounante
311 1737 348 1799 de
362 1738 390 1797 lo
403 1737 492 1816 gleire
505 1735 555 1796 des
570 1735 659 1807 Ioles
679 1741 709 1796 et
727 1753 786 1794 non
800 1732 835 1793 de
851 1735 879 1792 lo
893 1752 977 1793 mer-

117 1831 235 1893 cenoire
244 1831 296 1912 qni
312 1833 359 1893 tile
371 1835 389 1891 b
400 1832 427 1891 lu
437 1831 512 1891 belle
527 1830 613 1891 e'toilc
626 1849 684 1890 aux
695 1827 777 1910 pieds
788 1829 825 1889 de
836 1848 889 1889 nos
900 1847 977 1889 rem·

119 1935 200 2007 parts
214 1930 289 2005 (ll).
305 1928 385 1987 Vous
400 1933 510 1999 autres,
527 1924 644 1998 dis-tu,
663 1944 736 1984 vous
756 1927 847 1985 n’ctes
866 1924 976 2003 qu’nne

228 2167 358 2208 Exclsmare
369 2166 422 2206 libet
431 2164 525 2218 popolus
532 2163 593 2216 quod
601 2163 689 2213 clamat,
699 2163 757 2204 Osiri

174 2237 202 2277 30
229 2236 328 2278 Invento.
337 2235 393 2283 Quis
401 2235 459 2274 enirn
469 2245 598 2284 generosum
609 2232 691 2273 dixerit
701 2232 766 2280 bunc,
777 2231 816 2283 qui

228 2303 335 2355 Indignus
344 2313 429 2355 genere,
440 2305 464 2342 et
471 2301 576 2353 preclaro
584 2300 671 2340 nomine
682 2303 766 2340 tantum

228 2370 337 2420 Insignis!
347 2369 435 2409 Narium
444 2366 559 2420 cujusdam
568 2366 661 2408 Atlanta
670 2376 785 2414 vocamus3

228 2437 355 2489 Ethiopem
365 2447 471 2487 cycnum3
483 2446 572 2487 parvam
581 2437 735 2484 extortamque
744 2432 850 2485 puellam,

230 2505 342 2556 Europen.
351 2502 447 2543 Canibus
458 2504 526 2555 pigris
535 2502 653 2552 scubieque
661 2504 748 2541 vetusta

173 2574 201 2614 35
229 2572 337 2622 Levibus,
347 2575 371 2612 et
380 2572 443 2611 sicce
452 2570 600 2610 lambentibus
610 2579 649 2608 ors
658 2567 761 2614 lucernas,

228 2639 314 2679 Nomen
323 2639 365 2678 erit
376 2637 465 2690 pardus,
477 2637 548 2687 tigris,
560 2636 603 2684 leo,
614 2632 695 2685 siquid
706 2631 778 2672 adhue
788 2634 822 2671 est

227 2703 291 2753 Quod
300 2704 377 2745 fremat
389 2705 410 2743 in
422 2704 485 2744 terris
493 2703 617 2742 violentius.
628 2702 686 2751 Ergo
696 2698 790 2746 cavebis,

229 2772 260 2813 Et
271 2776 361 2821 metues,
371 2781 398 2811 ne
409 2774 433 2811 tu
442 2770 474 2809 sic
484 2769 584 2809 Creticus
593 2770 632 2807 aut
641 2765 777 2805 Camerinus.

257 2839 298 2879 His
307 2849 347 2890 ego
357 2848 420 2889 quom
432 2836 520 2876 monuit
530 2839 603 2875 tecum
613 2836 647 2873 est
658 2831 712 2871 milii
723 2840 801 2878 sermo,
815 2828 901 2871 Rubelli

175 2908 203 2948 40
229 2905 317 2945 Pluute.
328 2904 409 2944 Tumes
419 2903 464 2943 alto
475 2901 596 2942 Drusorum
607 2900 719 2950 sanguine,
728 2901 833 2950 tanquam

230 2973 319 3013 Feceris
328 2972 375 3025 ipse
385 2969 470 3022 aliquid
479 2972 567 3022 propter
577 2966 638 3019 quod
647 2965 726 3006 nobilis
736 2976 806 3015 essm

231 3037 263 3079 Ut
272 3045 294 3078 te
304 3037 436 3089 conciperet,
444 3046 494 3087 que
504 3034 609 3084 sanguiue
619 3032 691 3084 fulget
701 3031 753 3081 luti,

231 3104 281 3146 Non
290 3114 340 3156 qu·
347 3108 437 3145 ventoso
445 3101 553 3144 conducta
562 3101 604 3141 sub
613 3109 691 3152 aggere
700 3100 765 3140 texit.

231 3170 279 3211 Vos
288 3170 390 3223 humiles,
402 3170 481 3222 inquis,
492 3168 553 3220 vulgi
562 3178 613 3221 pars
622 3167 701 3208 ultima
710 3165 786 3214 nostrl,
