2284 3650
517 267 634 318 sartae
650 267 691 317 lv.
979 266 1028 314 m

172 366 315 446 Vdjenton
335 385 393 446 qne
412 364 448 425 de
466 363 528 425 dire
548 364 574 423 le
595 384 663 444 pays
690 370 720 423 et
749 363 822 441 l'dge
847 361 889 422 du
914 361 1025 424 turbot.

213 462 288 534 Quel
312 468 354 521 est
368 459 441 520 donc
464 466 545 519 rotre
571 457 642 530 avis,
667 456 809 517 demande
832 456 1028 537 l'cmpercnrl

172 554 268 614 sant-il
281 555 308 615 le
321 561 426 614 mettre
438 573 475 614 en
490 552 602 632 plecesl
614 551 841 622 Gardons-nous,
856 549 900 610 dit
913 551 1027 610 Monta·

171 668 240 721 nus,
257 648 293 708 de
318 647 359 707 lui
379 646 450 707 faire
464 653 509 706 cet
531 647 654 714 affront;
677 664 735 725 que
755 644 814 705 l'on
829 643 961 724 fabrique
986 665 1026 703 un

170 741 268 801 bassin
290 741 422 823 profond,
438 739 513 801 dont
531 741 572 800 les
593 739 680 799 bords
698 737 820 798 amincis
837 738 963 798 forment
986 758 1026 797 un

171 843 251 896 vaste
263 843 396 896 contour.
409 836 448 895 Ge
461 834 550 913 grand
563 852 665 894 oeune
678 831 760 912 exige
774 832 839 892 l’art
850 839 879 892 et
892 830 1028 891 l'actirito'

170 928 244 989 d'un
259 929 443 990 Promethea.
453 929 529 1001 Vite,
547 928 574 988 la
588 948 660 988 rone
672 934 701 987 et
715 925 842 1006 l'argile!
859 927 883 986 Α
898 933 1028 1006 compter

170 1021 402 1102 d‘anjourd’hni,
423 1024 520 1094 Cesar,
543 1043 601 1103 que
629 1021 679 1081 des
705 1020 812 1101 potiens
835 1020 951 1080 suivent
979 1028 1026 1080 ton

171 1136 267 1198 camp.
282 1119 335 1179 Cet
348 1116 420 1188 avis,
432 1116 519 1196 digne
534 1116 571 1177 de
585 1117 725 1188 l'auteur,
741 1114 906 1195 l'emporta.
918 1116 1029 1175 Monta·

171 1231 228 1271 nus
242 1233 271 1273 se
283 1213 433 1274 sourenait
446 1212 482 1272 de
495 1213 731 1292 l'intempe'rance
744 1218 773 1271 et
786 1210 837 1270 dea
857 1208 951 1290 orgies
969 1230 1028 1290 quc

170 1306 343 1379 continuait,
351 1306 489 1386 jusqu'au
499 1305 600 1365 millen
608 1304 659 1365 des
669 1303 760 1375 nirits,
771 1324 804 1364 ce
813 1297 908 1364 Neron
919 1303 969 1384 qui
980 1323 1026 1362 sa-

171 1398 231 1459 vait
245 1394 415 1461 renoureler
430 1400 457 1459 lu
470 1400 538 1460 faim
547 1402 611 1477 (50)
623 1399 694 1458 dans
701 1419 752 1458 son
762 1405 887 1458 estomac
895 1398 1026 1458 embrasd

170 1494 207 1554 de
217 1494 346 1555 Falerno.
361 1495 417 1555 Nul
430 1502 525 1566 autre,
538 1493 574 1554 de
586 1500 668 1554 notre
681 1500 786 1573 temps,
800 1492 883 1551 n'eut
900 1492 926 1551 le
939 1491 1027 1571 paleis

172 1587 238 1667 plus
252 1588 356 1649 delicat
370 1610 377 1649 :
392 1588 411 1648 il
425 1587 608 1668 distinguaii,
621 1586 662 1646 du
674 1585 801 1667 premier
812 1606 886 1667 coup
897 1585 933 1645 de
944 1585 1025 1658 dent,

172 1681 292 1743 l'huitre
303 1682 338 1744 de
355 1682 435 1744 Circo
447 1683 482 1743 do
497 1682 567 1742 celle
582 1681 631 1741 des
642 1680 758 1740 rochers
768 1678 804 1739 de
815 1679 921 1739 Lucrin
933 1700 971 1739 ou
986 1678 1026 1739 du

171 1777 368 1855 promontoire
389 1777 424 1838 de
445 1779 580 1858 Rumpe,
601 1796 639 1836 au
661 1772 789 1856 premier
806 1792 881 1855 coup
900 1772 991 1847 d'oeil,
1006 1772 1026 1833 il

172 1871 313 1932 nommait
328 1873 354 1932 la
368 1871 459 1954 patrie
473 1872 545 1932 d'un
560 1869 690 1930 herisson
702 1868 738 1928 de
749 1888 824 1929 mer.

173 2038 176 2053 ι
213 1965 332 2026 Chacun
347 1988 377 2026 se
396 1967 477 2026 leve:
495 1966 521 2025 le
536 1963 643 2025 conseil
663 1962 726 2036 fini,
742 1982 779 2023 on
801 1961 854 2024 fait
874 1963 960 2024 sortir
981 1984 1026 2025 ces·

169 2057 276 2137 grands
286 2080 343 2140 qne
357 2060 421 2120 leur
434 2059 560 2120 sublime
577 2061 681 2118 maitre
693 2057 770 2117 avait
788 2056 878 2119 forces
891 2057 1025 2119 d'accou·

278 2214 385 2263 Fabricio,
396 2215 489 2267 patriam
499 2217 524 2253 ut
535 2212 620 2253 rhombi
631 2216 761 2252 memoraret
771 2216 794 2251 et
806 2221 879 2252 annos.

213 2281 252 2322 tao
302 2281 411 2330 Quidnam
423 2281 489 2331 igitur
497 2281 583 2320 censes!
595 2278 728 2318 conciditur!
741 2277 808 2318 Absit
817 2277 844 2317 ab
855 2277 893 2318 illo

278 2348 379 2390 Dedecus
387 2349 435 2397 hoc,
449 2347 568 2387 Montanus
578 2347 609 2386 ait
619 2358 624 2384 :
634 2348 692 2386 testa
701 2344 747 2385 alta
757 2348 854 2397 paretur,

278 2416 331 2469 Quae
341 2417 401 2458 tenui
411 2427 473 2456 muro
481 2416 602 2468 spatiosum
613 2413 703 2465 colligat
713 2413 796 2453 orbem.

276 2482 374 2525 Debetur
385 2493 477 2534 magnus
486 2482 566 2535 patine
576 2480 704 2530 subitusque
714 2478 864 2518 Prometheus.

277 2554 383 2605 Argillam
394 2558 461 2605 atque
471 2556 540 2593 rotam
550 2551 616 2592 citius
624 2553 739 2602 properate
750 2561 755 2587 z
764 2547 801 2588 sed
812 2560 840 2587 ex
851 2548 891 2588 hoc

211 2621 251 2663 1³8
276 2620 445 2676 Temporejam,
458 2620 537 2668 Cesar,
549 2618 610 2669 figuli
620 2619 737 2658 tuacastra
747 2620 872 2667 sequantur.

276 2687 336 2730 Vicit
346 2687 411 2739 digna
419 2689 465 2727 viro
475 2687 589 2727 sententia.
600 2685 697 2725 Noverat
707 2682 744 2722 ille

277 2753 395 2796 Luxuriam
406 2754 491 2808 imperii
500 2757 604 2801 veterem,
616 2756 734 2802 noctesque
744 2750 836 2792 Neronis

276 2823 326 2864 lam
335 2824 425 2873 medias,
437 2824 545 2874 aliamque
556 2821 644 2871 tamem,
654 2831 722 2872 quum
731 2819 806 2873 pulmo
818 2820 910 2862 Falerno

276 2890 377 2932 Arderet.
389 2891 451 2932 Nulli
462 2892 531 2942 major
540 2888 583 2930 suit
592 2900 645 2929 usus
654 2886 732 2928 edendi

210 2955 249 2995 140
275 2955 415 3009 Tempestate
423 2968 478 2997 mea.
489 2955 571 2996 Circeia
582 2958 634 2995 nata
644 2952 722 3003 forent,
734 2964 761 2993 an

277 3020 393 3063 Lucrinum
403 3022 430 3063 ad
439 3034 523 3071 saxum,
536 3022 675 3074 Rutupinove
685 3021 745 3062 edita
755 3019 823 3061 inodo

275 3087 359 3138 Ostrea,
371 3089 466 3130 callebat
475 3090 545 3142 primo
555 3087 688 3141 deprendere
697 3099 782 3138 morsu;

276 3156 305 3197 Et
315 3156 382 3197 semel
391 3157 473 3209 aspecti
482 3156 545 3196 littus
555 3155 644 3195 dicebat
653 3156 732 3195 echini.

302 3222 411 3274 Surgitur,
421 3227 443 3264 et
453 3224 519 3263 misso
528 3233 629 3276 proceres
638 3222 698 3263 exire
704 3222 810 3274 Jubentur

211 3287 251 3337 rm
275 3288 383 3341 Consilio,
394 3300 449 3342 qnos
458 3289 566 3333 Albanam
579 3288 626 3329 dux
636 3299 726 3339 magnus
736 3289 758 3328 in
770 3297 842 3326 arcens
