2284 3650
186 158 234 207 566
520 153 638 204 smne
655 153 722 204 vui.

183 252 187 262 '
227 250 290 313 Sois
305 251 393 313 breve
406 250 509 325 soldat,
524 258 626 311 tuteur
635 251 732 320 fidele,
750 249 860 311 erbitre
873 248 1000 330 integre.
1016 251 1050 312 Si

185 347 246 407 l'on
259 346 394 427 t'nppeite
410 366 447 407 en
462 349 645 425 temoignuge
665 366 716 405 sur
727 364 769 404 un
783 344 835 405 iait
850 343 994 405 incertain
1007 364 1048 406 ou

185 439 325 515 douteux,
334 439 433 521 quand
448 438 578 500 Phalaris
591 447 619 500 te
628 438 761 500 dicterait
773 457 813 498 un
823 439 892 498 four
903 446 1047 513 serment,

185 534 297 595 enface
311 532 412 594 deson
432 531 552 593 brutant
572 540 705 605 taureau,
726 530 847 611 regardo
870 549 985 590 comme
1004 550 1048 591 un

185 626 276 706 grand
287 626 379 687 crime
390 625 426 686 de
438 623 739 706 prefererl'existence
752 627 770 684 e
786 624 955 697 i'honneur,
968 631 999 685 et
1010 624 1048 687 de

184 718 300 800 perdre,
316 740 391 800 pour
408 738 559 781 conserver
576 726 605 779 ta
615 717 673 793 vie,
697 719 738 779 les
753 718 820 798 plus
838 716 933 778 benur
946 717 1047 780 motifs

184 832 242 893 que
253 834 329 876 nous
340 833 427 894 ayons
440 812 477 875 de
489 812 581 875 vivre.
599 811 771 892 Quiconque
783 810 914 873 amerite'
928 812 956 871 la
967 819 1047 874 mort

184 908 306 969 n'existe
324 908 477 989 dejaplns,
489 906 647 970 devorti-ii
659 908 677 967 ie
691 906 805 987 chaque
815 925 898 986 repas
914 925 957 965 un
978 913 1046 968 cent

184 1001 329 1064 d'huitre's
343 1002 379 1064 de
393 1002 511 1075 Lucrin,
527 1001 613 1063 tur-ii
632 1002 736 1083 plonge
750 999 821 1060 dans
836 1008 901 1060 tous
914 999 956 1060 les
970 1018 1045 1079 par-

186 1096 266 1157 fums
277 1096 313 1159 de
328 1096 451 1158 Cosmus
463 1098 538 1177 (ii).

223 1192 351 1272 Lorsque
372 1192 451 1252 enfin
473 1199 506 1251 tu
530 1210 608 1252 seres
633 1210 817 1271 gouverneur
835 1189 871 1251 de
892 1189 1041 1271 province,

182 1291 257 1345 mete
277 1305 319 1345 nn
340 1284 453 1346 freini
476 1293 506 1347 ta
528 1286 635 1360 coiere,
657 1286 707 1346 des
726 1285 831 1347 hornes
855 1288 873 1345 a
900 1291 930 1346 ta
956 1283 1042 1365 cupi·

181 1376 258 1449 dite3
285 1377 464 1461 compotiri
484 1378 514 1439 la
539 1378 645 1440 misere
667 1379 772 1441 denos
796 1379 887 1439 allie's.
909 1380 954 1438 Tu
970 1398 1043 1439 ver-

181 1490 228 1531 res
241 1470 292 1533 des
305 1473 447 1534 fontumes
467 1470 503 1533 de
525 1471 596 1547 rois,
622 1472 689 1552 deja
711 1476 792 1534 sucis
814 1473 973 1553 jusqn'aux
996 1491 1039 1533 os.

182 1564 337 1628 Concidere
346 1587 378 1629 ce
389 1587 446 1648 que
455 1568 497 1628 les
510 1567 563 1628 lois
576 1567 765 1648 prescrivent,
776 1587 808 1628 ce
820 1566 1002 1647 qu'ordonne
1012 1566 1041 1629 le

181 1662 280 1733 senat3
299 1661 409 1741 quelles
429 1665 631 1741 recompenses
651 1661 671 1723 il
694 1660 811 1723 accorde
834 1681 892 1721 aux
912 1680 984 1740 gens
1003 1660 1041 1723 de

179 1750 266 1825 bien3
280 1755 389 1835 quelles
399 1754 515 1815 foudres
529 1754 673 1836 legitimes
687 1754 708 1813 il
723 1755 805 1831 lonpa
816 1762 915 1815 contre
930 1757 954 1814 N
959 1754 1039 1815 umi-

182 1854 265 1908 toret
279 1848 416 1930 Capiton,
432 1869 478 1910 ces
491 1850 599 1931 pirates
611 1849 661 1911 des
673 1850 780 1930 pirates
793 1849 829 1909 de
844 1848 954 1910 Cilicie.
968 1849 1040 1911 Mais

181 1960 237 2022 que
245 1942 334 2005 servit
343 1944 379 2006 de
391 1944 432 2020 les
448 1944 550 2026 punit,
561 1943 586 2004 si
597 1946 689 2005 Pansa
696 1943 802 2005 derohe
816 1964 848 2005 ce
860 1944 1040 2026 qu'epergna

314 2166 370 2207 Esto
380 2166 450 2209 bonus
459 2169 529 2220 mileo,
542 2174 602 2212 tutor
610 2170 687 2219 bonus,
698 2170 780 2211 arbiter
791 2168 849 2210 idem

232 2233 260 2273 80
288 2233 389 2285 Integer:
401 2236 509 2289 ambigue
521 2238 539 2278 ci
549 2237 638 2290 quando
647 2238 743 2279 citabere
754 2238 817 2279 testie

287 2299 422 2351 Incertoque
431 2304 469 2353 rei,
480 2304 580 2346 Phalaris
590 2306 642 2347 iicet
652 2307 743 2359 imperet
754 2309 780 2347 ut
789 2305 818 2346 eie

287 2367 373 2416 Falsus,
384 2372 407 2410 et
417 2370 505 2413 admoto
514 2371 585 2415 dictet
595 2374 691 2427 periuria
700 2378 772 2425 tauro,

285 2433 399 2478 Summum
408 2438 472 2479 crede
482 2440 542 2481 netas
552 2441 647 2481 animam
658 2440 758 2495 praeferre
767 2439 854 2494 pudori,
917 2461 923 2473 ·

285 2502 315 2543 Et
323 2509 411 2557 propter
420 2507 489 2547 vitam
499 2507 587 2548 vivendi
595 2508 685 2561 perdere
693 2520 788 2550 caussa.
846 2538 850 2544 .

232 2569 259 2612 ⁸5
285 2570 369 2622 Dignus
380 2579 449 2614 morte
459 2576 515 2628 perit
521 2587 527 2625 ;
540 2580 612 2616 coenet
623 2576 676 2616 licet
685 2579 757 2617 ostrea
766 2580 855 2617 centum

285 2636 395 2689 Gaurana,
408 2643 430 2681 et
440 2639 514 2681 Cosmi
524 2645 571 2682 toto
583 2648 694 2693 mergatur
703 2652 765 2682 aeno.

311 2703 436 2759 Expectata
445 2706 484 2748 diu
493 2706 580 2748 tandem
589 2709 700 2761 provincia
710 2719 779 2760 quum
788 2713 811 2750 te

287 2769 401 2813 Rectorem
412 2774 513 2826 accipiet,
523 2784 578 2826 pone
588 2775 625 2814 irre
635 2774 703 2826 trena,
715 2774 847 2827 modumque

286 2836 345 2879 Pone
355 2843 377 2880 et
389 2841 487 2880 avaritiae
498 2853 504 2880 z
517 2841 618 2881 mirerere
630 2842 719 2894 inopum
728 2842 843 2883 sociorum.

231 2902 258 2944 90
284 2901 339 2944 Osca
348 2902 410 2945 video
419 2915 495 2956 regum
506 2907 581 2947 vacuis
589 2912 679 2948 exsucta
688 2907 799 2949 medullio.

286 2970 384 3024 Respice,
396 2971 450 3024 quid
461 2978 562 3015 moneant
572 2974 639 3026 leges,
649 2975 703 3025 quid
712 2975 780 3017 Curia
788 2973 877 3016 mandet
883 2989 890 3025 ;

286 3037 379 3078 Praemia
389 3043 471 3089 quenta
478 3040 545 3082 bonor
554 3046 668 3091 maneant3
679 3053 744 3094 quam
754 3041 845 3083 fulmine
850 3043 914 3095 justo

285 3105 314 3145 Et
324 3104 401 3158 Capito
407 3104 434 3146 'et
445 3104 547 3149 Numitor
556 3110 647 3160 ruerint,
656 3109 773 3151 domante
781 3118 866 3158 senatu,

286 3170 365 3212 Piratae
374 3170 476 3214 Cilicum.
485 3171 529 3214 Sed
541 3174 594 3225 quid
604 3174 715 3217 damnatio
726 3175 817 3225 confert,
